<?xml version="1.0" encoding="UTF-8"?>
<collection xmlns="http://www.loc.gov/MARC21/slim"
            xmlns:xsi="http://www.w3.org/2001/XMLSchema-instance"
            xmlns:marc="http://www.loc.gov/MARC21/slim"
            xmlns:oai="http://www.openarchives.org/OAI/2.0/"
            xsi:schemaLocation="http://www.loc.gov/MARC21/slim http://www.loc.gov/standards/marcxml/schema/MARC21slim.xsd">
  
  <record xsi:schemaLocation="http://www.loc.gov/MARC21/slim http://www.loc.gov/standards/marcxml/schema/MARC21slim.xsd">
      <leader>00000cam  2200433 a 4500</leader>
      <controlfield tag="FMT">BK</controlfield>
      <controlfield tag="LDR">00000cam  2200433 a 4500</controlfield>
      <controlfield tag="001">002793543</controlfield>
      <controlfield tag="003">OCoLC</controlfield>
      <controlfield tag="005">20150901133047.0</controlfield>
      <controlfield tag="008">050527m19821997gw       b    000 0 ger d</controlfield>
      <datafield tag="016" ind1="7" ind2=" ">
         <subfield code="a">001142328</subfield>
         <subfield code="2">IsJJNL</subfield>
      </datafield>
      <datafield tag="035" ind1=" " ind2=" ">
         <subfield code="a">(OCoLC)233918645</subfield>
      </datafield>
      <datafield tag="040" ind1=" " ind2=" ">
         <subfield code="a">J9U</subfield>
         <subfield code="b">eng</subfield>
         <subfield code="c">J9U</subfield>
         <subfield code="d">UBY</subfield>
         <subfield code="d">STF</subfield>
         <subfield code="d">OCLCQ</subfield>
         <subfield code="d">OCLCF</subfield>
         <subfield code="d">OCLCO</subfield>
         <subfield code="d">OCLCA</subfield>
         <subfield code="d">NNU</subfield>
      </datafield>
      <datafield tag="043" ind1=" " ind2=" ">
         <subfield code="a">aw-----</subfield>
      </datafield>
      <datafield tag="050" ind1="1" ind2="4">
         <subfield code="a">PJ3095</subfield>
         <subfield code="b">.T49x 1982</subfield>
      </datafield>
      <datafield tag="245" ind1="0" ind2="0">
         <subfield code="a">Texte aus der Umwelt des Alten Testaments /</subfield>
         <subfield code="c">in Gemeinschaft mit Rykle Borger ... [et al.] ; herausgegeben von Otto Kaiser.</subfield>
      </datafield>
      <datafield tag="246" ind1="1" ind2="8">
         <subfield code="a">TUAT</subfield>
      </datafield>
      <datafield tag="260" ind1=" " ind2=" ">
         <subfield code="a">Gütersloh :</subfield>
         <subfield code="b">Gütersloher Verlagshaus G. Mohn,</subfield>
         <subfield code="c">1982-1997.</subfield>
      </datafield>
      <datafield tag="300" ind1=" " ind2=" ">
         <subfield code="a">3 volumes in 19 Lieferungen ;</subfield>
         <subfield code="c">25 cm</subfield>
      </datafield>
      <datafield tag="336" ind1=" " ind2=" ">
         <subfield code="a">text</subfield>
         <subfield code="b">txt</subfield>
         <subfield code="2">rdacontent</subfield>
      </datafield>
      <datafield tag="337" ind1=" " ind2=" ">
         <subfield code="a">unmediated</subfield>
         <subfield code="b">n</subfield>
         <subfield code="2">rdamedia</subfield>
      </datafield>
      <datafield tag="338" ind1=" " ind2=" ">
         <subfield code="a">volume</subfield>
         <subfield code="b">nc</subfield>
         <subfield code="2">rdacarrier</subfield>
      </datafield>
      <datafield tag="504" ind1=" " ind2=" ">
         <subfield code="a">Includes bibliographical references.</subfield>
      </datafield>
      <datafield tag="505" ind1="1" ind2="0">
         <subfield code="g">Bd. 1.</subfield>
         <subfield code="t">Rechts und Wirtschaftsurkunden : Historisch-chronologische Texte.</subfield>
         <subfield code="g">Lfg. 1.</subfield>
         <subfield code="t">Rechtsbücher /</subfield>
         <subfield code="r">Rykle Borger [and 3 others] --</subfield>
         <subfield code="g">Lfg. 2.</subfield>
         <subfield code="t">Staatsverträge /</subfield>
         <subfield code="r">Rykle Borger [and 5 others] --</subfield>
         <subfield code="g">Lfg. 3.</subfield>
         <subfield code="t">Dokumente zum Rechts- und Wirtschaftsleben /</subfield>
         <subfield code="r">Diethlem Conrad [and 9 others] --</subfield>
         <subfield code="g">Lfg. 4.</subfield>
         <subfield code="t">Historisch-chronologische Texte I /</subfield>
         <subfield code="r">Rykle Borger, Walther Hinz und Willem H. Ph. Römer --</subfield>
         <subfield code="g">Lfg. 5.</subfield>
         <subfield code="t">Historisch-chronologische Texte II /</subfield>
         <subfield code="r">Manfried Dietrich [and 3 others]</subfield>
         <subfield code="g">Lfg. 6.</subfield>
         <subfield code="t">Historisch-chronologische Texte III /</subfield>
         <subfield code="r">Diethelm Conrad [and 5 others] --</subfield>
         <subfield code="g">Bd. 2.</subfield>
         <subfield code="t">Religiöse Texte.</subfield>
         <subfield code="g">Lfg. 1.</subfield>
         <subfield code="t">Deutungen der Zukunft in Briefen, Orakeln und Omina /</subfield>
         <subfield code="r">Manfried Dietrich [and 5 others] --</subfield>
         <subfield code="g">Lf. 2.</subfield>
         <subfield code="t">Rituale und Beschwörungen I /</subfield>
         <subfield code="r">Walter Farber, Hans Martin Kümmel and Willem H. Ph. Römer --</subfield>
         <subfield code="g">Lfg. 3.</subfield>
         <subfield code="t">Rituale und Beschwörungen II /</subfield>
         <subfield code="r">Christel Butterweck [and 7 others] --</subfield>
         <subfield code="g">Lfg. 4.</subfield>
         <subfield code="t">Grab-, Sarg-, Votiv- und Bauinschriften /</subfield>
         <subfield code="r">Christel Butterweck [and 12 others] --</subfield>
         <subfield code="g">Lfg. 5.</subfield>
         <subfield code="t">Lieder und Gebete I /</subfield>
         <subfield code="r">Willem H. Ph. Römer und Karl Hecker --</subfield>
         <subfield code="g">Lfg. 6.</subfield>
         <subfield code="t">Lieder und Gebete II /</subfield>
         <subfield code="r">Jan Assmann [and 6 others] --</subfield>
         <subfield code="g">Bd. 3.</subfield>
         <subfield code="t">Weisheitstexte, Mythen und Epen.</subfield>
         <subfield code="g">Lfg. 1.</subfield>
         <subfield code="t">Weisheitstexte I /</subfield>
         <subfield code="r">Wilem H. Ph. Römer und Wolfram von Soden --</subfield>
         <subfield code="g">Lfg. 2.</subfield>
         <subfield code="t">Weisheitstexte II /</subfield>
         <subfield code="r">Günter Burkard [and 4 others] --</subfield>
         <subfield code="g">Lfg. 3.</subfield>
         <subfield code="t">Mythen und Epen I /</subfield>
         <subfield code="r">Willem H. Ph. Römer und Dietz Otto Edzard --</subfield>
         <subfield code="g">Lfg. 4.</subfield>
         <subfield code="t">Mythen und Epen II /</subfield>
         <subfield code="r">Karl Hecker [and 4 others] --</subfield>
         <subfield code="g">Lfg. 5.</subfield>
         <subfield code="t">Mythen und Epen III --</subfield>
         <subfield code="g">Lfg. 6.</subfield>
         <subfield code="t">Mythen und Epen IV --</subfield>
         <subfield code="g">{Bd. 4}.</subfield>
         <subfield code="t">Erganzungslieferung.</subfield>
      </datafield>
      <datafield tag="630" ind1="0" ind2="0">
         <subfield code="a">Bible.</subfield>
         <subfield code="p">Old Testament</subfield>
         <subfield code="x">History of contemporary events</subfield>
         <subfield code="v">Sources.</subfield>
      </datafield>
      <datafield tag="650" ind1=" " ind2="0">
         <subfield code="a">Middle Eastern literature</subfield>
         <subfield code="v">Translations into German.</subfield>
      </datafield>
      <datafield tag="630" ind1="0" ind2="7">
         <subfield code="a">Bible.</subfield>
         <subfield code="p">Old Testament.</subfield>
         <subfield code="2">fast</subfield>
         <subfield code="0">(OCoLC)fst01808092</subfield>
      </datafield>
      <datafield tag="650" ind1=" " ind2="7">
         <subfield code="a">History of contemporary events.</subfield>
         <subfield code="2">fast</subfield>
         <subfield code="0">(OCoLC)fst01865054</subfield>
      </datafield>
      <datafield tag="650" ind1=" " ind2="7">
         <subfield code="a">Middle Eastern literature.</subfield>
         <subfield code="2">fast</subfield>
         <subfield code="0">(OCoLC)fst01020340</subfield>
      </datafield>
      <datafield tag="655" ind1=" " ind2="7">
         <subfield code="a">Sources.</subfield>
         <subfield code="2">fast</subfield>
         <subfield code="0">(OCoLC)fst01423900</subfield>
      </datafield>
      <datafield tag="655" ind1=" " ind2="7">
         <subfield code="a">Translations.</subfield>
         <subfield code="2">fast</subfield>
         <subfield code="0">(OCoLC)fst01423791</subfield>
      </datafield>
      <datafield tag="700" ind1="1" ind2=" ">
         <subfield code="a">Kaiser, Otto,</subfield>
         <subfield code="d">1924-</subfield>
      </datafield>
      <datafield tag="740" ind1="0" ind2=" ">
         <subfield code="a">Mythen and Epen.</subfield>
      </datafield>
      <datafield tag="740" ind1="0" ind2=" ">
         <subfield code="a">Rechts- und Wirtschaftsurkunden historisch-chronologische Texte.</subfield>
      </datafield>
      <datafield tag="740" ind1="0" ind2=" ">
         <subfield code="a">Religiöse Texte.</subfield>
      </datafield>
      <datafield tag="740" ind1="0" ind2=" ">
         <subfield code="a">Weisheitstexte, Mythen und Epen.</subfield>
      </datafield>
      <datafield tag="OWN" ind1=" " ind2=" ">
         <subfield code="a">GENERAL</subfield>
      </datafield>
      <datafield tag="AVA" ind1=" " ind2=" ">
         <subfield code="a">NYU50</subfield>
         <subfield code="b">BOBST</subfield>
         <subfield code="c">Main Collection</subfield>
         <subfield code="d">PJ3095 .T49 1982</subfield>
         <subfield code="e">available</subfield>
         <subfield code="t">Available</subfield>
         <subfield code="f">19</subfield>
         <subfield code="g">0</subfield>
         <subfield code="h">Y</subfield>
         <subfield code="i">25</subfield>
         <subfield code="j">MAIN</subfield>
         <subfield code="k">0</subfield>
      </datafield>
      <datafield tag="AVA" ind1=" " ind2=" ">
         <subfield code="a">NYU50</subfield>
         <subfield code="b">NIFA</subfield>
         <subfield code="c">Main Collection</subfield>
         <subfield code="d">PJ3095 .T49 1982 Non-circulating</subfield>
         <subfield code="e">unavailable</subfield>
         <subfield code="t">Unavailable</subfield>
         <subfield code="f">5</subfield>
         <subfield code="g">5</subfield>
         <subfield code="h">Y</subfield>
         <subfield code="i">0</subfield>
         <subfield code="j">MAIN</subfield>
         <subfield code="k">0</subfield>
      </datafield>
      <datafield tag="AVA" ind1=" " ind2=" ">
         <subfield code="a">NYU50</subfield>
         <subfield code="b">NISAW</subfield>
         <subfield code="c">Small Collection</subfield>
         <subfield code="d">PJ3095 .T49 1982</subfield>
         <subfield code="e">available</subfield>
         <subfield code="t">Available</subfield>
         <subfield code="f">17</subfield>
         <subfield code="g">0</subfield>
         <subfield code="h">Y</subfield>
         <subfield code="i">0</subfield>
         <subfield code="j">SMALL</subfield>
         <subfield code="k">0</subfield>
      </datafield>
      <marc:datafield tag="852" ind1=" " ind2=" ">
         <marc:subfield code="b">Institute for the Study of the Ancient World, </marc:subfield>
         <marc:subfield code="c">Small Collection</marc:subfield>
         <marc:subfield code="e">15 East 84th St., </marc:subfield>
         <marc:subfield code="e">New York, NY  10028</marc:subfield>
      </marc:datafield>
   </record>