
  
  
  
  
  
  
 
  
  <record xsi:schemaLocation="http://www.loc.gov/MARC21/slim http://www.loc.gov/standards/marcxml/schema/MARC21slim.xsd">
      <leader>00000cam  2200493 i 4500</leader>
      <controlfield tag="FMT">BK</controlfield>
      <controlfield tag="LDR">00000cam  2200493 i 4500</controlfield>
      <controlfield tag="001">004172630</controlfield>
      <controlfield tag="003">OCoLC</controlfield>
      <controlfield tag="005">20150901105301.0</controlfield>
      <controlfield tag="008">150901t20152015mauae    b    001 0deng</controlfield>
      <datafield tag="010" ind1=" " ind2=" ">
         <subfield code="a">2015004257</subfield>
      </datafield>
      <datafield tag="020" ind1=" " ind2=" ">
         <subfield code="a">9780897570893</subfield>
         <subfield code="q">hardcover</subfield>
         <subfield code="q">acid-free paper</subfield>
      </datafield>
      <datafield tag="020" ind1=" " ind2=" ">
         <subfield code="a">0897570898</subfield>
         <subfield code="q">hardcover</subfield>
         <subfield code="q">acid-free paper</subfield>
      </datafield>
      <datafield tag="035" ind1=" " ind2=" ">
         <subfield code="a">(OCoLC)907143672</subfield>
         <subfield code="z">(OCoLC)904081525</subfield>
      </datafield>
      <datafield tag="040" ind1=" " ind2=" ">
         <subfield code="a">DLC</subfield>
         <subfield code="e">rda</subfield>
         <subfield code="b">eng</subfield>
         <subfield code="c">DLC</subfield>
         <subfield code="d">YDX</subfield>
         <subfield code="d">BTCTA</subfield>
         <subfield code="d">YDXCP</subfield>
         <subfield code="d">UBY</subfield>
         <subfield code="d">OCLCO</subfield>
         <subfield code="d">NNU</subfield>
      </datafield>
      <datafield tag="042" ind1=" " ind2=" ">
         <subfield code="a">pcc</subfield>
      </datafield>
      <datafield tag="043" ind1=" " ind2=" ">
         <subfield code="a">a-jo---</subfield>
      </datafield>
      <datafield tag="050" ind1="0" ind2="0">
         <subfield code="a">DS154.9.R76</subfield>
         <subfield code="b">B37 2015</subfield>
      </datafield>
      <datafield tag="082" ind1="0" ind2="0">
         <subfield code="a">956.95/02</subfield>
         <subfield code="2">23</subfield>
      </datafield>
      <datafield tag="100" ind1="1" ind2=" ">
         <subfield code="a">Barako, Tristan J.,</subfield>
         <subfield code="e">author.</subfield>
      </datafield>
      <datafield tag="245" ind1="1" ind2="0">
         <subfield code="a">Tell er-Rumeith :</subfield>
         <subfield code="b">the excavations of Paul W. Lapp, 1962 and 1967 /</subfield>
         <subfield code="c">by Tristan J. Barako and Nancy L. Lapp ; with contributions by Charlotte Binkoski, Jeanette H. Boertien, Ksenija Borojevic, Karen Bowden Cooper, Haskel Greenfield, Margaret A. Judd, David S. Reese, Donna Seltzer, and Rebecca Sgouros ; edited by Nancy L. Lapp.</subfield>
      </datafield>
      <datafield tag="264" ind1=" " ind2="1">
         <subfield code="a">Boston, MA :</subfield>
         <subfield code="b">American Schools of Oriental Research,</subfield>
         <subfield code="c">[2015]</subfield>
      </datafield>
      <datafield tag="264" ind1=" " ind2="4">
         <subfield code="c">©2015</subfield>
      </datafield>
      <datafield tag="300" ind1=" " ind2=" ">
         <subfield code="a">xxi, 425 pages :</subfield>
         <subfield code="b">black-and-white illustrations, black-and-white plans ;</subfield>
         <subfield code="c">29 cm.</subfield>
      </datafield>
      <datafield tag="336" ind1=" " ind2=" ">
         <subfield code="a">text</subfield>
         <subfield code="b">txt</subfield>
         <subfield code="2">rdacontent</subfield>
      </datafield>
      <datafield tag="337" ind1=" " ind2=" ">
         <subfield code="a">unmediated</subfield>
         <subfield code="b">n</subfield>
         <subfield code="2">rdamedia</subfield>
      </datafield>
      <datafield tag="338" ind1=" " ind2=" ">
         <subfield code="a">volume</subfield>
         <subfield code="b">nc</subfield>
         <subfield code="2">rdacarrier</subfield>
      </datafield>
      <datafield tag="490" ind1="1" ind2=" ">
         <subfield code="a">American Schools of Oriental Research archeological reports ;</subfield>
         <subfield code="v">number 22</subfield>
      </datafield>
      <datafield tag="504" ind1=" " ind2=" ">
         <subfield code="a">Includes bibliographical references and index.</subfield>
      </datafield>
      <datafield tag="505" ind1="0" ind2="0">
         <subfield code="g">Introduction --</subfield>
         <subfield code="g">Part I.</subfield>
         <subfield code="t">The site, the stratigraphy, and the Iron Age pottery --</subfield>
         <subfield code="t">The setting and identification /</subfield>
         <subfield code="r">Tristan J. Barako --</subfield>
         <subfield code="t">The stratigraphy of Tell er-Rumeith /</subfield>
         <subfield code="r">Tristan J. Barako --</subfield>
         <subfield code="t">The Iron Age pottery /</subfield>
         <subfield code="r">Tristan J. Barako --</subfield>
         <subfield code="t">Summary and conclusions /</subfield>
         <subfield code="r">Tristan J. Barako --</subfield>
         <subfield code="g">Part II.</subfield>
         <subfield code="t">Archaeological studies of Tell er-Rumeith --</subfield>
         <subfield code="t">Iron Age heavy ware vessels /</subfield>
         <subfield code="r">Karen Bowden Cooper --</subfield>
         <subfield code="t">Post-Iron Age pottery /</subfield>
         <subfield code="r">Nancy L. Lapp --</subfield>
         <subfield code="t">Community health at Tell er-Rumeith /</subfield>
         <subfield code="r">Margaret A. Judd, Donna Seltzer &amp; Charlotte Binkoski --</subfield>
         <subfield code="t">Textile production at Tell er-Rumeith /</subfield>
         <subfield code="r">Jeanette H. Boertien --</subfield>
         <subfield code="t">The Iron Age figurines /</subfield>
         <subfield code="r">Nancy L. Lapp --</subfield>
         <subfield code="t">The groundstone /</subfield>
         <subfield code="r">Nancy L. Lapp --</subfield>
         <subfield code="t">Small finds /</subfield>
         <subfield code="r">Nancy L. Lapp, Ksenija Borojevic, Karen Bowden Cooper, Haskel Greenfield, David S. Reese &amp; Rebecca Sgouros --</subfield>
         <subfield code="g">Appendix I:</subfield>
         <subfield code="t">Locus list /</subfield>
         <subfield code="r">compiled by Tristan J. Barako --</subfield>
         <subfield code="g">Appendix II:</subfield>
         <subfield code="t">Feature index /</subfield>
         <subfield code="r">compiled by Nancy L. Lapp --</subfield>
         <subfield code="g">Appendix III:</subfield>
         <subfield code="t">Registered and referenced objects /</subfield>
         <subfield code="r">compiled by Nancy L. Lapp.</subfield>
      </datafield>
      <datafield tag="651" ind1=" " ind2="0">
         <subfield code="a">Rumeith Site (Jordan)</subfield>
      </datafield>
      <datafield tag="650" ind1=" " ind2="0">
         <subfield code="a">Excavations (Archaeology)</subfield>
         <subfield code="z">Jordan</subfield>
         <subfield code="z">Rumeith Site.</subfield>
      </datafield>
      <datafield tag="600" ind1="1" ind2="0">
         <subfield code="a">Lapp, Paul W.</subfield>
      </datafield>
      <datafield tag="650" ind1=" " ind2="0">
         <subfield code="a">Iron age</subfield>
         <subfield code="z">Jordan</subfield>
         <subfield code="z">Rumeith Site.</subfield>
      </datafield>
      <datafield tag="650" ind1=" " ind2="0">
         <subfield code="a">Pottery, Ancient</subfield>
         <subfield code="z">Jordan</subfield>
         <subfield code="z">Rumeith Site.</subfield>
      </datafield>
      <datafield tag="650" ind1=" " ind2="0">
         <subfield code="a">Material culture</subfield>
         <subfield code="z">Jordan</subfield>
         <subfield code="z">Rumeith Site.</subfield>
      </datafield>
      <datafield tag="651" ind1=" " ind2="0">
         <subfield code="a">Jordan</subfield>
         <subfield code="x">Antiquities.</subfield>
      </datafield>
      <datafield tag="700" ind1="1" ind2=" ">
         <subfield code="a">Lapp, Nancy L.,</subfield>
         <subfield code="d">1930-</subfield>
         <subfield code="e">author,</subfield>
         <subfield code="e">editor.</subfield>
      </datafield>
      <datafield tag="700" ind1="1" ind2=" ">
         <subfield code="a">Cooper, Karen Bowden,</subfield>
         <subfield code="e">contributor.</subfield>
      </datafield>
      <datafield tag="700" ind1="1" ind2=" ">
         <subfield code="a">Judd, Margaret A.,</subfield>
         <subfield code="e">contributor.</subfield>
      </datafield>
      <datafield tag="700" ind1="1" ind2=" ">
         <subfield code="a">Seltzer, Donna,</subfield>
         <subfield code="e">contributor.</subfield>
      </datafield>
      <datafield tag="700" ind1="1" ind2=" ">
         <subfield code="a">Binkoski, Charlotte,</subfield>
         <subfield code="e">contributor.</subfield>
      </datafield>
      <datafield tag="700" ind1="1" ind2=" ">
         <subfield code="a">Boertien, Jeannette,</subfield>
         <subfield code="e">contributor.</subfield>
      </datafield>
      <datafield tag="700" ind1="1" ind2=" ">
         <subfield code="a">Borojević, Ksenija,</subfield>
         <subfield code="e">contributor.</subfield>
      </datafield>
      <datafield tag="700" ind1="1" ind2=" ">
         <subfield code="a">Greenfield, Haskel J.,</subfield>
         <subfield code="e">contributor.</subfield>
      </datafield>
      <datafield tag="700" ind1="1" ind2=" ">
         <subfield code="a">Reese, David S.,</subfield>
         <subfield code="d">1954-</subfield>
         <subfield code="e">contributor.</subfield>
      </datafield>
      <datafield tag="700" ind1="1" ind2=" ">
         <subfield code="a">Sgouros, Rebecca,</subfield>
         <subfield code="e">contributor.</subfield>
      </datafield>
      <datafield tag="710" ind1="2" ind2=" ">
         <subfield code="a">Shelby White and Leon Levy Program for Archaeological Publications (Firm)</subfield>
         <subfield code="e">sponsor.</subfield>
      </datafield>
      <datafield tag="797" ind1="2" ind2=" ">
         <subfield code="a">WLP Collection.</subfield>
      </datafield>
      <datafield tag="797" ind1="2" ind2=" ">
         <subfield code="a">White Levy Program Collection.</subfield>
      </datafield>
      <datafield tag="830" ind1=" " ind2="0">
         <subfield code="a">American Schools of Oriental Research archaeological reports ;</subfield>
         <subfield code="v">no. 22.</subfield>
      </datafield>
      <datafield tag="994" ind1=" " ind2=" ">
         <subfield code="a">Z0</subfield>
         <subfield code="b">ZYU</subfield>
      </datafield>
      <datafield tag="OWN" ind1=" " ind2=" ">
         <subfield code="a">GENERAL</subfield>
      </datafield>
      <datafield tag="AVA" ind1=" " ind2=" ">
         <subfield code="a">NYU50</subfield>
         <subfield code="b">NISAW</subfield>
         <subfield code="c">Large Collection</subfield>
         <subfield code="d">DS154.9.R76 B37 2015</subfield>
         <subfield code="e">available</subfield>
         <subfield code="t">Available</subfield>
         <subfield code="f">1</subfield>
         <subfield code="g">0</subfield>
         <subfield code="h">N</subfield>
         <subfield code="i">0</subfield>
         <subfield code="j">LARGE</subfield>
         <subfield code="k">0</subfield>
      </datafield>
      <marc:datafield tag="852" ind1=" " ind2=" ">
         <marc:subfield code="b">Institute for the Study of the Ancient World, </marc:subfield>
         <marc:subfield code="c">Large Collection</marc:subfield>
         <marc:subfield code="e">15 East 84th St., </marc:subfield>
         <marc:subfield code="e">New York, NY  10028</marc:subfield>
      </marc:datafield>
   </record>