
  
  
  
  
  
  
  
 
  
  <record xsi:schemaLocation="http://www.loc.gov/MARC21/slim http://www.loc.gov/standards/marcxml/schema/MARC21slim.xsd">
      <leader>00000cam  2200733 a 4500</leader>
      <controlfield tag="FMT">BK</controlfield>
      <controlfield tag="LDR">00000cam  2200733 a 4500</controlfield>
      <controlfield tag="001">002687244</controlfield>
      <controlfield tag="003">OCoLC</controlfield>
      <controlfield tag="005">20150902153425.0</controlfield>
      <controlfield tag="008">820924m19819999it a     b    001 0 ita</controlfield>
      <datafield tag="010" ind1=" " ind2=" ">
         <subfield code="a">82141462</subfield>
      </datafield>
      <datafield tag="035" ind1=" " ind2=" ">
         <subfield code="a">(OCoLC)8178305</subfield>
         <subfield code="z">(OCoLC)8866294</subfield>
      </datafield>
      <datafield tag="040" ind1=" " ind2=" ">
         <subfield code="a">DLC</subfield>
         <subfield code="b">eng</subfield>
         <subfield code="e">rda</subfield>
         <subfield code="c">DLC</subfield>
         <subfield code="d">AZU</subfield>
         <subfield code="d">OCLCQ</subfield>
         <subfield code="d">DEBBG</subfield>
         <subfield code="d">GEBAY</subfield>
         <subfield code="d">YUS</subfield>
         <subfield code="d">OCLCO</subfield>
         <subfield code="d">OCLCF</subfield>
         <subfield code="d">OCLCQ</subfield>
         <subfield code="d">OCLCO</subfield>
         <subfield code="d">NNU</subfield>
      </datafield>
      <datafield tag="041" ind1="0" ind2=" ">
         <subfield code="a">ita</subfield>
         <subfield code="a">sem</subfield>
         <subfield code="a">sux</subfield>
      </datafield>
      <datafield tag="050" ind1="0" ind2="0">
         <subfield code="a">PJ4051</subfield>
         <subfield code="b">.P47 1981</subfield>
      </datafield>
      <datafield tag="082" ind1="0" ind2="0">
         <subfield code="a">499/.95</subfield>
         <subfield code="2">19</subfield>
      </datafield>
      <datafield tag="084" ind1=" " ind2=" ">
         <subfield code="a">BC 8323</subfield>
         <subfield code="2">rvk</subfield>
      </datafield>
      <datafield tag="090" ind1=" " ind2=" ">
         <subfield code="a">PJ4147.Z77</subfield>
         <subfield code="b">M44 v.3, etc.</subfield>
      </datafield>
      <datafield tag="100" ind1="1" ind2=" ">
         <subfield code="a">Pettinato, Giovanni.</subfield>
      </datafield>
      <datafield tag="245" ind1="1" ind2="0">
         <subfield code="a">Testi lessicali monolingui della Biblioteca L. 2769 /</subfield>
         <subfield code="c">di Giovanni Pettinato in collaborazione con R. Biggs [and others].</subfield>
      </datafield>
      <datafield tag="260" ind1=" " ind2=" ">
         <subfield code="a">Napoli :</subfield>
         <subfield code="b">Istituto universitario orientale di Napoli,</subfield>
         <subfield code="c">1981-</subfield>
      </datafield>
      <datafield tag="300" ind1=" " ind2=" ">
         <subfield code="a">&lt;volumes 1 in 2&gt; :</subfield>
         <subfield code="b">illustrations ;</subfield>
         <subfield code="c">34 cm.</subfield>
      </datafield>
      <datafield tag="336" ind1=" " ind2=" ">
         <subfield code="a">text</subfield>
         <subfield code="b">txt</subfield>
         <subfield code="2">rdacontent</subfield>
      </datafield>
      <datafield tag="337" ind1=" " ind2=" ">
         <subfield code="a">unmediated</subfield>
         <subfield code="b">n</subfield>
         <subfield code="2">rdamedia</subfield>
      </datafield>
      <datafield tag="338" ind1=" " ind2=" ">
         <subfield code="a">volume</subfield>
         <subfield code="b">nc</subfield>
         <subfield code="2">rdacarrier</subfield>
      </datafield>
      <datafield tag="490" ind1="1" ind2=" ">
         <subfield code="a">Series maior / Seminario di studi asiatici ;</subfield>
         <subfield code="v">3-</subfield>
         <subfield code="a">Materiali epigrafici di Ebla ;</subfield>
         <subfield code="v">3-</subfield>
      </datafield>
      <datafield tag="500" ind1=" " ind2=" ">
         <subfield code="a">Texts in romanized and cuneiform Eblaite or Sumerian; commentary in Italian.</subfield>
      </datafield>
      <datafield tag="504" ind1=" " ind2=" ">
         <subfield code="a">Includes bibliographical references and indexes.</subfield>
      </datafield>
      <datafield tag="500" ind1=" " ind2=" ">
         <subfield code="a">ISAW copy is from the collection of Robert D. Biggs.</subfield>
         <subfield code="5">NNU</subfield>
      </datafield>
      <datafield tag="500" ind1=" " ind2=" ">
         <subfield code="a">ISAW copy has interleaved notes by Robert D. Biggs.</subfield>
         <subfield code="5">NNU</subfield>
      </datafield>
      <datafield tag="505" ind1="1" ind2=" ">
         <subfield code="a">[Text] -- Tavole.</subfield>
      </datafield>
      <datafield tag="630" ind1="0" ind2="0">
         <subfield code="a">Ebla tablets.</subfield>
      </datafield>
      <datafield tag="650" ind1=" " ind2="0">
         <subfield code="a">Sumerian language</subfield>
         <subfield code="v">Texts.</subfield>
      </datafield>
      <datafield tag="651" ind1=" " ind2="0">
         <subfield code="a">Ebla (Extinct city)</subfield>
         <subfield code="x">History</subfield>
         <subfield code="v">Sources.</subfield>
      </datafield>
      <datafield tag="650" ind1=" " ind2="0">
         <subfield code="a">Cuneiform inscriptions</subfield>
         <subfield code="z">Syria</subfield>
         <subfield code="z">Ebla (Extinct city)</subfield>
      </datafield>
      <datafield tag="650" ind1=" " ind2="0">
         <subfield code="a">Eblaite language</subfield>
         <subfield code="v">Texts.</subfield>
      </datafield>
      <datafield tag="650" ind1=" " ind2="7">
         <subfield code="a">Eblaite language.</subfield>
         <subfield code="2">fast</subfield>
         <subfield code="0">(OCoLC)fst00901249</subfield>
      </datafield>
      <datafield tag="650" ind1=" " ind2="7">
         <subfield code="a">Sumerian language.</subfield>
         <subfield code="2">fast</subfield>
         <subfield code="0">(OCoLC)fst01138450</subfield>
      </datafield>
      <datafield tag="651" ind1=" " ind2="7">
         <subfield code="a">Syria</subfield>
         <subfield code="z">Ebla (Extinct city)</subfield>
         <subfield code="2">fast</subfield>
         <subfield code="0">(OCoLC)fst01896913</subfield>
      </datafield>
      <datafield tag="655" ind1=" " ind2="7">
         <subfield code="a">History.</subfield>
         <subfield code="2">fast</subfield>
         <subfield code="0">(OCoLC)fst01411628</subfield>
      </datafield>
      <datafield tag="655" ind1=" " ind2="7">
         <subfield code="a">Sources.</subfield>
         <subfield code="2">fast</subfield>
         <subfield code="0">(OCoLC)fst01423900</subfield>
      </datafield>
      <datafield tag="655" ind1=" " ind2="7">
         <subfield code="a">Texts.</subfield>
         <subfield code="2">fast</subfield>
         <subfield code="0">(OCoLC)fst01423705</subfield>
      </datafield>
      <datafield tag="700" ind1="1" ind2=" ">
         <subfield code="a">Biggs, Robert D.</subfield>
      </datafield>
      <datafield tag="797" ind1="2" ind2=" ">
         <subfield code="a">Biggs, Robert D.,</subfield>
         <subfield code="e">former owner.</subfield>
      </datafield>
      <datafield tag="730" ind1="0" ind2="2">
         <subfield code="a">Ebla tablets.</subfield>
         <subfield code="k">Selections.</subfield>
         <subfield code="f">1981.</subfield>
      </datafield>
      <datafield tag="776" ind1="0" ind2="8">
         <subfield code="i">Online version:</subfield>
         <subfield code="a">Pettinato, Giovanni.</subfield>
         <subfield code="t">Testi lessicali monolingui della Biblioteca L. 2769.</subfield>
         <subfield code="d">Napoli : Istituto universitario orientale di Napoli, 1981-</subfield>
         <subfield code="w">(OCoLC)557986035</subfield>
      </datafield>
      <datafield tag="830" ind1=" " ind2="0">
         <subfield code="a">Series maior (Istituto universitario orientale (Naples, Italy). Seminario di studi asiatici) ;</subfield>
         <subfield code="v">3, etc.</subfield>
      </datafield>
      <datafield tag="830" ind1=" " ind2="0">
         <subfield code="a">Series maior (Istituto universitario orientale (Naples, Italy). Seminario di studi asiatici).</subfield>
         <subfield code="p">Materiali epigrafici di Ebla ;</subfield>
         <subfield code="v">3, etc.</subfield>
      </datafield>
      <datafield tag="OWN" ind1=" " ind2=" ">
         <subfield code="a">GENERAL</subfield>
      </datafield>
      <datafield tag="950" ind1=" " ind2=" ">
         <subfield code="l">BMAIN</subfield>
         <subfield code="a">PJ4051</subfield>
         <subfield code="b">.P47 1981</subfield>
         <subfield code="d">+</subfield>
         <subfield code="n">455:sl Unanalyzed</subfield>
         <subfield code="i">12/11/84 C</subfield>
      </datafield>
      <datafield tag="955" ind1=" " ind2=" ">
         <subfield code="l">BMAIN</subfield>
         <subfield code="c">1:pt.1</subfield>
         <subfield code="q">84B2459-1</subfield>
         <subfield code="r">010859422</subfield>
         <subfield code="i">12/11/84 C</subfield>
      </datafield>
      <datafield tag="955" ind1=" " ind2=" ">
         <subfield code="l">BMAIN</subfield>
         <subfield code="c">1:pt.2</subfield>
         <subfield code="r">010859406</subfield>
         <subfield code="i">12/11/84 C</subfield>
      </datafield>
      <datafield tag="AVA" ind1=" " ind2=" ">
         <subfield code="a">NYU50</subfield>
         <subfield code="b">BOBST</subfield>
         <subfield code="c">Main Collection</subfield>
         <subfield code="d">PJ4051 .P47 1981 Oversize</subfield>
         <subfield code="e">available</subfield>
         <subfield code="t">Available</subfield>
         <subfield code="f">2</subfield>
         <subfield code="g">0</subfield>
         <subfield code="h">Y</subfield>
         <subfield code="i">6</subfield>
         <subfield code="j">MAIN</subfield>
         <subfield code="k">0</subfield>
      </datafield>
      <datafield tag="AVA" ind1=" " ind2=" ">
         <subfield code="a">NYU50</subfield>
         <subfield code="b">NISAW</subfield>
         <subfield code="c">Oversize Collection</subfield>
         <subfield code="d">PJ4147.Z77 M44 v.3, etc.</subfield>
         <subfield code="e">available</subfield>
         <subfield code="t">Available</subfield>
         <subfield code="f">2</subfield>
         <subfield code="g">0</subfield>
         <subfield code="h">Y</subfield>
         <subfield code="i">0</subfield>
         <subfield code="j">OVERZ</subfield>
         <subfield code="k">0</subfield>
      </datafield>
      <marc:datafield tag="852" ind1=" " ind2=" ">
         <marc:subfield code="b">Institute for the Study of the Ancient World, </marc:subfield>
         <marc:subfield code="c">Oversize Collection</marc:subfield>
         <marc:subfield code="e">15 East 84th St., </marc:subfield>
         <marc:subfield code="e">New York, NY  10028</marc:subfield>
      </marc:datafield>
   </record>