
  
  
  
  
  
  
 
  
  <record xsi:schemaLocation="http://www.loc.gov/MARC21/slim http://www.loc.gov/standards/marcxml/schema/MARC21slim.xsd">
      <leader>00000cam  2200877 a 4500</leader>
      <controlfield tag="FMT">BK</controlfield>
      <controlfield tag="LDR">00000cam  2200877 a 4500</controlfield>
      <controlfield tag="001">001969496</controlfield>
      <controlfield tag="003">OCoLC</controlfield>
      <controlfield tag="005">20150903101729.0</controlfield>
      <controlfield tag="008">910612s1991    is       b    010 0 eng</controlfield>
      <datafield tag="010" ind1=" " ind2=" ">
         <subfield code="a">91161311</subfield>
      </datafield>
      <datafield tag="035" ind1=" " ind2=" ">
         <subfield code="a">(OCoLC)23965475</subfield>
         <subfield code="z">(OCoLC)25137954</subfield>
         <subfield code="z">(OCoLC)25890323</subfield>
         <subfield code="z">(OCoLC)216646230</subfield>
      </datafield>
      <datafield tag="040" ind1=" " ind2=" ">
         <subfield code="a">DLC</subfield>
         <subfield code="b">eng</subfield>
         <subfield code="c">DLC</subfield>
         <subfield code="d">MUQ</subfield>
         <subfield code="d">NLGGC</subfield>
         <subfield code="d">BTCTA</subfield>
         <subfield code="d">GBVCP</subfield>
         <subfield code="d">OCLCO</subfield>
         <subfield code="d">OCLCF</subfield>
         <subfield code="d">OCLCO</subfield>
         <subfield code="d">OCLCQ</subfield>
         <subfield code="d">NNU</subfield>
      </datafield>
      <datafield tag="043" ind1=" " ind2=" ">
         <subfield code="a">a-iq---</subfield>
         <subfield code="a">aw-----</subfield>
      </datafield>
      <datafield tag="050" ind1="0" ind2="0">
         <subfield code="a">AS591.J4</subfield>
         <subfield code="b">A25 vol. 33</subfield>
         <subfield code="a">DS73.7</subfield>
      </datafield>
      <datafield tag="066" ind1=" " ind2=" ">
         <subfield code="c">(2</subfield>
      </datafield>
      <datafield tag="082" ind1="0" ind2="0">
         <subfield code="a">080 s</subfield>
         <subfield code="a">935</subfield>
         <subfield code="2">20</subfield>
      </datafield>
      <datafield tag="084" ind1=" " ind2=" ">
         <subfield code="a">15.51</subfield>
         <subfield code="2">bcl</subfield>
      </datafield>
      <datafield tag="084" ind1=" " ind2=" ">
         <subfield code="a">18.73</subfield>
         <subfield code="2">bcl</subfield>
      </datafield>
      <datafield tag="084" ind1=" " ind2=" ">
         <subfield code="a">EL 7650</subfield>
         <subfield code="2">rvk</subfield>
      </datafield>
      <datafield tag="084" ind1=" " ind2=" ">
         <subfield code="a">NK 8200</subfield>
         <subfield code="2">rvk</subfield>
      </datafield>
      <datafield tag="090" ind1=" " ind2=" ">
         <subfield code="a">DS73.7</subfield>
         <subfield code="b">.A35 1991</subfield>
      </datafield>
      <datafield tag="245" ind1="0" ind2="0">
         <subfield code="a">Ah, Assyria-- :</subfield>
         <subfield code="b">studies in Assyrian history and ancient Near Eastern historiography presented to Hayim Tadmor /</subfield>
         <subfield code="c">edited by Mordechai Cogan and Israel Ephʻal.</subfield>
      </datafield>
      <datafield tag="246" ind1="3" ind2=" ">
         <subfield code="a">Hoi, Ashur</subfield>
      </datafield>
      <datafield tag="260" ind1=" " ind2=" ">
         <subfield code="a">Jerusalem :</subfield>
         <subfield code="b">Magnes Press, Hebrew University,</subfield>
         <subfield code="c">©1991.</subfield>
      </datafield>
      <datafield tag="300" ind1=" " ind2=" ">
         <subfield code="a">347 pages ;</subfield>
         <subfield code="c">25 cm.</subfield>
      </datafield>
      <datafield tag="336" ind1=" " ind2=" ">
         <subfield code="a">text</subfield>
         <subfield code="b">txt</subfield>
         <subfield code="2">rdacontent</subfield>
      </datafield>
      <datafield tag="337" ind1=" " ind2=" ">
         <subfield code="a">unmediated</subfield>
         <subfield code="b">n</subfield>
         <subfield code="2">rdamedia</subfield>
      </datafield>
      <datafield tag="338" ind1=" " ind2=" ">
         <subfield code="a">volume</subfield>
         <subfield code="b">nc</subfield>
         <subfield code="2">rdacarrier</subfield>
      </datafield>
      <datafield tag="490" ind1="1" ind2=" ">
         <subfield code="a">Scripta Hierosolymitana,</subfield>
         <subfield code="x">0080-8369 ;</subfield>
         <subfield code="v">v. 33</subfield>
      </datafield>
      <datafield tag="500" ind1=" " ind2=" ">
         <subfield code="6">880-01</subfield>
         <subfield code="a">Title on added t.p.: Hoi, Ashur.</subfield>
      </datafield>
      <datafield tag="504" ind1=" " ind2=" ">
         <subfield code="a">Includes bibliographical references.</subfield>
      </datafield>
      <datafield tag="504" ind1=" " ind2=" ">
         <subfield code="a">"Bibliography of the works of Hayim Tadmor": pages 341-347.</subfield>
      </datafield>
      <datafield tag="505" ind1="0" ind2="0">
         <subfield code="g">Part 1.</subfield>
         <subfield code="t">Neo-Assyrian History.</subfield>
         <subfield code="t">ערי מדי: The Cities of the Medes /</subfield>
         <subfield code="r">I.M. Diakonoff --</subfield>
         <subfield code="t">Phoenician Overland Trade within the Mesopotamian Empires /</subfield>
         <subfield code="r">Moshe Elat --</subfield>
         <subfield code="t">"The Samarian(s)" in the Assyrian Sources /</subfield>
         <subfield code="r">Israel Eph’al --</subfield>
         <subfield code="t">The Achievement of Tiglath-pileser III: Novelty or Continuity? /</subfield>
         <subfield code="r">Paul Garelli --</subfield>
         <subfield code="t">Esarhaddon’s "Letter to the Gods" /</subfield>
         <subfield code="r">Erle Leichty --</subfield>
         <subfield code="t">The Cypriot Vassals of Esarhaddon /</subfield>
         <subfield code="r">E. Lipiński --</subfield>
         <subfield code="t">The Trade Network of Tyre according to Ezek. 27 /</subfield>
         <subfield code="r">Mario Liverani --</subfield>
         <subfield code="t">Forced Participation in Alliances in the Course of the Assyrian Campaigns to the West /</subfield>
         <subfield code="r">Nadav Na’aman --</subfield>
         <subfield code="t">Semiramis: Her Name and her Origin /</subfield>
         <subfield code="r">Moshe Weinfeld --</subfield>
         <subfield code="t">Elements of Aramean Pre-history /</subfield>
         <subfield code="r">Ran Zadkok.</subfield>
         <subfield code="g">Part 2.</subfield>
         <subfield code="t">Literary and Historiographical Studies.</subfield>
         <subfield code="t">A Plaidoyer on behalf of the Royal Scribes /</subfield>
         <subfield code="r">Mordechai Cogan --</subfield>
         <subfield code="t">Narrative and Ideological Variations in the Account of Sargon’s Eighth Campaign /</subfield>
         <subfield code="r">Frederick Mario Fales --</subfield>
         <subfield code="t">The Death of Kings: Traditional Historiography in Contextual Perspective /</subfield>
         <subfield code="r">William W. Hallo --</subfield>
         <subfield code="t">The Succession Narrative and Esarhaddon’s Apology: A Comparison /</subfield>
         <subfield code="r">Tomoo Ishida --</subfield>
         <subfield code="t">"History" and "Literature" in the Persian Period: The Restoration of the Temple /</subfield>
         <subfield code="r">Sarah Japhet --</subfield>
         <subfield code="t">Solomon and Šulgi: A Comparative Portrait /</subfield>
         <subfield code="r">S.N. Kramer --</subfield>
         <subfield code="t">The Question of Distinctiveness in Ancient Israel: An Essay /</subfield>
         <subfield code="r">Peter Machinist --</subfield>
         <subfield code="t">Large Numbers in the Assyrian Royal Inscriptions /</subfield>
         <subfield code="r">Alan R. Millard --</subfield>
         <subfield code="t">"The Command of the God" as a Reason for Going to War in the Assyrian Royal Inscriptions /</subfield>
         <subfield code="r">Bustanay Oded.</subfield>
      </datafield>
      <datafield tag="505" ind1="8" ind2="0">
         <subfield code="g">Part 3.</subfield>
         <subfield code="t">Texts and Textual Studies.</subfield>
         <subfield code="t">The Ritual Tablet and Rubrics of Maqlû: Toward the History of the Series /</subfield>
         <subfield code="r">Tsvi Abusch --</subfield>
         <subfield code="t">Aššur-uballiṭ and the Sutians /</subfield>
         <subfield code="r">Pinḥas Artzi --</subfield>
         <subfield code="t">Sargon’s Report on Kish: A Problem in Akkadian Philology /</subfield>
         <subfield code="r">Dietz Otto Edward --</subfield>
         <subfield code="t">Old and Middle Assyrian Royal Inscriptions—Marginalia /</subfield>
         <subfield code="r">A. Kirk Grayson --</subfield>
         <subfield code="t">Nebuchadnezzar and the Parting of the Ways: Ezek. 21:26–27 /</subfield>
         <subfield code="r">Moshe Greenberg --</subfield>
         <subfield code="t">Asylum at Aleppo: A Note on Sfire III, 4–7 /</subfield>
         <subfield code="r">Jonas C. Greenfield --</subfield>
         <subfield code="t">Abstruse Sumerian /</subfield>
         <subfield code="r">Thorkild Jacobsen --</subfield>
         <subfield code="t">The Coronation and Consecration of Šulgi in the Ekur (Šulgi G) /</subfield>
         <subfield code="r">Jacob Klein --</subfield>
         <subfield code="t">An Unknown King in an Unknown City /</subfield>
         <subfield code="r">W.G. Lambert --</subfield>
         <subfield code="t">Assurbanipal’s Message to the Babylonians (ABL 301), with an Excursus on Figurative biltu /</subfield>
         <subfield code="r">William L. Moran --</subfield>
         <subfield code="t">Autobiographical Reflections of a University Teacher /</subfield>
         <subfield code="r">Benjamin Mazar.</subfield>
      </datafield>
      <datafield tag="651" ind1=" " ind2="0">
         <subfield code="a">Assyria</subfield>
         <subfield code="x">History.</subfield>
      </datafield>
      <datafield tag="651" ind1=" " ind2="0">
         <subfield code="a">Middle East</subfield>
         <subfield code="x">History</subfield>
         <subfield code="y">To 622</subfield>
         <subfield code="x">Historiography.</subfield>
      </datafield>
      <datafield tag="650" ind1=" " ind2="7">
         <subfield code="a">Historiography.</subfield>
         <subfield code="2">fast</subfield>
         <subfield code="0">(OCoLC)fst00958221</subfield>
      </datafield>
      <datafield tag="651" ind1=" " ind2="7">
         <subfield code="a">Middle East.</subfield>
         <subfield code="2">fast</subfield>
         <subfield code="0">(OCoLC)fst01241586</subfield>
      </datafield>
      <datafield tag="651" ind1=" " ind2="7">
         <subfield code="a">Middle East</subfield>
         <subfield code="z">Assyria.</subfield>
         <subfield code="2">fast</subfield>
         <subfield code="0">(OCoLC)fst01220876</subfield>
      </datafield>
      <datafield tag="648" ind1=" " ind2="7">
         <subfield code="a">To 622</subfield>
         <subfield code="2">fast</subfield>
      </datafield>
      <datafield tag="653" ind1=" " ind2="0">
         <subfield code="a">Assyria</subfield>
         <subfield code="a">History</subfield>
      </datafield>
      <datafield tag="653" ind1=" " ind2="0">
         <subfield code="a">Middle</subfield>
         <subfield code="a">History</subfield>
         <subfield code="a">To</subfield>
         <subfield code="a">Historiography</subfield>
      </datafield>
      <datafield tag="655" ind1=" " ind2="7">
         <subfield code="a">History.</subfield>
         <subfield code="2">fast</subfield>
         <subfield code="0">(OCoLC)fst01411628</subfield>
      </datafield>
      <datafield tag="700" ind1="1" ind2=" ">
         <subfield code="a">Tadmor, Hayim,</subfield>
         <subfield code="e">honoree.</subfield>
      </datafield>
      <datafield tag="700" ind1="1" ind2=" ">
         <subfield code="a">Cogan, Mordechai.</subfield>
      </datafield>
      <datafield tag="700" ind1="1" ind2=" ">
         <subfield code="a">Ephʻal, Israel.</subfield>
      </datafield>
      <datafield tag="740" ind1="0" ind2=" ">
         <subfield code="6">880-02</subfield>
         <subfield code="a">Hoi, Ashur...</subfield>
      </datafield>
      <datafield tag="880" ind1=" " ind2=" ">
         <subfield code="6">500-01/</subfield>
         <subfield code="a">Title on added t.p.: הוי אשור ...</subfield>
      </datafield>
      <datafield tag="880" ind1="0" ind2=" ">
         <subfield code="6">740-02/</subfield>
         <subfield code="a">הוי אשור ...</subfield>
      </datafield>
      <datafield tag="830" ind1=" " ind2="0">
         <subfield code="a">Scripta Hierosolymitana ;</subfield>
         <subfield code="v">v. 33.</subfield>
         <subfield code="x">0080-8369.</subfield>
      </datafield>
      <datafield tag="856" ind1="4" ind2="1">
         <subfield code="3">Table of contents</subfield>
         <subfield code="u">http://www.gbv.de/dms/bsz/toc/bsz024710172inh.pdf</subfield>
      </datafield>
      <datafield tag="OWN" ind1=" " ind2=" ">
         <subfield code="a">GENERAL</subfield>
      </datafield>
      <datafield tag="998" ind1=" " ind2=" ">
         <subfield code="a">02/12/92</subfield>
         <subfield code="t">b</subfield>
         <subfield code="s">9110</subfield>
         <subfield code="n">NNU</subfield>
         <subfield code="w">ILSH91B978</subfield>
         <subfield code="d">09/30/91</subfield>
         <subfield code="b">KY</subfield>
         <subfield code="i">920212</subfield>
         <subfield code="h">911008</subfield>
         <subfield code="l">NYUG</subfield>
      </datafield>
      <datafield tag="AVA" ind1=" " ind2=" ">
         <subfield code="a">NYU50</subfield>
         <subfield code="b">BOBST</subfield>
         <subfield code="c">Main Collection</subfield>
         <subfield code="d">AS591.J4 A25 vol.33</subfield>
         <subfield code="e">unavailable</subfield>
         <subfield code="t">Unavailable</subfield>
         <subfield code="f">1</subfield>
         <subfield code="g">1</subfield>
         <subfield code="h">N</subfield>
         <subfield code="i">3</subfield>
         <subfield code="j">MAIN</subfield>
         <subfield code="k">0</subfield>
      </datafield>
      <datafield tag="AVA" ind1=" " ind2=" ">
         <subfield code="a">NYU50</subfield>
         <subfield code="b">NIFA</subfield>
         <subfield code="c">Main Collection</subfield>
         <subfield code="d">AS591.J4 A25 vol.33 Non-circulating</subfield>
         <subfield code="e">unavailable</subfield>
         <subfield code="t">Unavailable</subfield>
         <subfield code="f">1</subfield>
         <subfield code="g">1</subfield>
         <subfield code="h">N</subfield>
         <subfield code="i">1</subfield>
         <subfield code="j">MAIN</subfield>
         <subfield code="k">0</subfield>
      </datafield>
      <datafield tag="AVA" ind1=" " ind2=" ">
         <subfield code="a">NYU50</subfield>
         <subfield code="b">NISAW</subfield>
         <subfield code="c">Small Collection</subfield>
         <subfield code="d">DS73.7 .A35 1991</subfield>
         <subfield code="e">available</subfield>
         <subfield code="t">Available</subfield>
         <subfield code="f">1</subfield>
         <subfield code="g">0</subfield>
         <subfield code="h">N</subfield>
         <subfield code="i">0</subfield>
         <subfield code="j">SMALL</subfield>
         <subfield code="k">0</subfield>
      </datafield>
      <marc:datafield tag="852" ind1=" " ind2=" ">
         <marc:subfield code="b">Institute for the Study of the Ancient World, </marc:subfield>
         <marc:subfield code="c">Small Collection</marc:subfield>
         <marc:subfield code="e">15 East 84th St., </marc:subfield>
         <marc:subfield code="e">New York, NY  10028</marc:subfield>
      </marc:datafield>
   </record>