
  
  
  
  
  
  
 
  
  <record xsi:schemaLocation="http://www.loc.gov/MARC21/slim http://www.loc.gov/standards/marcxml/schema/MARC21slim.xsd">
      <leader>00000nam a2200385 a 45M</leader>
      <controlfield tag="FMT">BK</controlfield>
      <controlfield tag="LDR">00000nam a2200385 a 45M</controlfield>
      <controlfield tag="001">002088407</controlfield>
      <controlfield tag="003">NNU</controlfield>
      <controlfield tag="005">20150904141002.0</controlfield>
      <controlfield tag="008">930727s1983    cauaf    b    000 0 eng</controlfield>
      <datafield tag="010" ind1=" " ind2=" ">
         <subfield code="a">83159990</subfield>
      </datafield>
      <datafield tag="020" ind1=" " ind2=" ">
         <subfield code="a">0890030596 (pbk.)</subfield>
      </datafield>
      <datafield tag="035" ind1="9" ind2=" ">
         <subfield code="a">NYUb11044447</subfield>
      </datafield>
      <datafield tag="035" ind1=" " ind2=" ">
         <subfield code="a">(CStRLIN)NYUG93-B36032</subfield>
      </datafield>
      <datafield tag="035" ind1=" " ind2=" ">
         <subfield code="a">GLIS010444473</subfield>
      </datafield>
      <datafield tag="040" ind1=" " ind2=" ">
         <subfield code="a">DLC</subfield>
         <subfield code="c">DLC</subfield>
         <subfield code="d">DLC</subfield>
         <subfield code="d">NNU</subfield>
      </datafield>
      <datafield tag="041" ind1="1" ind2=" ">
         <subfield code="a">eng</subfield>
         <subfield code="h">sux</subfield>
      </datafield>
      <datafield tag="043" ind1=" " ind2=" ">
         <subfield code="a">a-iq---</subfield>
      </datafield>
      <datafield tag="050" ind1="0" ind2="0">
         <subfield code="a">DS72</subfield>
         <subfield code="b">.C56 1983</subfield>
      </datafield>
      <datafield tag="082" ind1="0" ind2="0">
         <subfield code="a">935</subfield>
         <subfield code="2">19</subfield>
      </datafield>
      <datafield tag="090" ind1=" " ind2=" ">
         <subfield code="a">DS72</subfield>
         <subfield code="b">.C56 1983</subfield>
         <subfield code="i">07/27/93 CT</subfield>
      </datafield>
      <datafield tag="100" ind1="1" ind2=" ">
         <subfield code="a">Cooper, Jerrold S.</subfield>
      </datafield>
      <datafield tag="245" ind1="1" ind2="0">
         <subfield code="a">Reconstructing history from ancient inscriptions :</subfield>
         <subfield code="b">the Lagash-Umma border conflict /</subfield>
         <subfield code="c">by Jerrold S. Cooper.</subfield>
      </datafield>
      <datafield tag="260" ind1=" " ind2=" ">
         <subfield code="a">Malibu :</subfield>
         <subfield code="b">Undena Publications,</subfield>
         <subfield code="c">1983.</subfield>
      </datafield>
      <datafield tag="300" ind1=" " ind2=" ">
         <subfield code="a">61 p., 4 p. of plates :</subfield>
         <subfield code="b">ill. ;</subfield>
         <subfield code="c">28 cm.</subfield>
      </datafield>
      <datafield tag="490" ind1="1" ind2=" ">
         <subfield code="a">Sources from the ancient Near East ;</subfield>
         <subfield code="v">v. 2, fasc. 1</subfield>
      </datafield>
      <datafield tag="500" ind1=" " ind2=" ">
         <subfield code="a">"A publication of IIMAS, International Institute for Mesopotamian Area Studies."--T.p. verso.</subfield>
      </datafield>
      <datafield tag="504" ind1=" " ind2=" ">
         <subfield code="a">Bibliography: p. 55-56.</subfield>
      </datafield>
      <datafield tag="546" ind1=" " ind2=" ">
         <subfield code="a">English; texts translated from Sumerian.</subfield>
      </datafield>
      <datafield tag="650" ind1=" " ind2="0">
         <subfield code="a">Sumerians</subfield>
         <subfield code="x">History</subfield>
         <subfield code="v">Sources.</subfield>
      </datafield>
      <datafield tag="651" ind1=" " ind2="0">
         <subfield code="a">Lagash (Extinct city)</subfield>
         <subfield code="x">History</subfield>
         <subfield code="v">Sources.</subfield>
      </datafield>
      <datafield tag="651" ind1=" " ind2="0">
         <subfield code="a">Umma (Extinct city)</subfield>
         <subfield code="x">History</subfield>
         <subfield code="v">Sources.</subfield>
      </datafield>
      <datafield tag="651" ind1=" " ind2="0">
         <subfield code="a">Lagash (Extinct city)</subfield>
         <subfield code="x">Relations</subfield>
         <subfield code="z">Iraq</subfield>
         <subfield code="z">Umma (Extinct city)</subfield>
      </datafield>
      <datafield tag="651" ind1=" " ind2="0">
         <subfield code="a">Umma (Extinct city)</subfield>
         <subfield code="x">Relations</subfield>
         <subfield code="z">Iraq</subfield>
         <subfield code="z">Lagash (Extinct city)</subfield>
      </datafield>
      <datafield tag="651" ind1=" " ind2="0">
         <subfield code="a">Babylonia</subfield>
         <subfield code="x">History</subfield>
         <subfield code="v">Sources.</subfield>
      </datafield>
      <datafield tag="650" ind1=" " ind2="0">
         <subfield code="a">Cuneiform inscriptions, Sumerian.</subfield>
      </datafield>
      <datafield tag="710" ind1="2" ind2=" ">
         <subfield code="a">International Institute for Mesopotamian Area Studies.</subfield>
      </datafield>
      <datafield tag="830" ind1=" " ind2="0">
         <subfield code="a">Sources and monographs.</subfield>
         <subfield code="p">Sources from the ancient Near East ;</subfield>
         <subfield code="v">v. 2, fasc. 1.</subfield>
      </datafield>
      <datafield tag="OWN" ind1=" " ind2=" ">
         <subfield code="a">GENERAL</subfield>
      </datafield>
      <datafield tag="950" ind1=" " ind2=" ">
         <subfield code="l">IFAM</subfield>
         <subfield code="i">07/27/93 C</subfield>
      </datafield>
      <datafield tag="955" ind1=" " ind2=" ">
         <subfield code="l">IFAM</subfield>
         <subfield code="c">1</subfield>
         <subfield code="s">1987 printing</subfield>
         <subfield code="i">07/27/93 C</subfield>
      </datafield>
      <datafield tag="998" ind1=" " ind2=" ">
         <subfield code="a">07/27/93</subfield>
         <subfield code="t">c</subfield>
         <subfield code="s">9110</subfield>
         <subfield code="n">NNU</subfield>
         <subfield code="w">DCLC83159990B</subfield>
         <subfield code="d">07/27/93</subfield>
         <subfield code="b">KY</subfield>
         <subfield code="i">930727</subfield>
         <subfield code="l">NYUG</subfield>
      </datafield>
      <datafield tag="AVA" ind1=" " ind2=" ">
         <subfield code="a">NYU50</subfield>
         <subfield code="b">BOBST</subfield>
         <subfield code="c">Main Collection</subfield>
         <subfield code="d">DS72 .C56 1983</subfield>
         <subfield code="e">unavailable</subfield>
         <subfield code="t">Unavailable</subfield>
         <subfield code="f">1</subfield>
         <subfield code="g">1</subfield>
         <subfield code="h">N</subfield>
         <subfield code="i">1</subfield>
         <subfield code="j">MAIN</subfield>
         <subfield code="k">0</subfield>
      </datafield>
      <datafield tag="AVA" ind1=" " ind2=" ">
         <subfield code="a">NYU50</subfield>
         <subfield code="b">NIFA</subfield>
         <subfield code="c">Main Collection</subfield>
         <subfield code="d">DS72 .C56 1983 Non-circulating</subfield>
         <subfield code="e">unavailable</subfield>
         <subfield code="t">Unavailable</subfield>
         <subfield code="f">1</subfield>
         <subfield code="g">1</subfield>
         <subfield code="h">N</subfield>
         <subfield code="i">0</subfield>
         <subfield code="j">MAIN</subfield>
         <subfield code="k">0</subfield>
      </datafield>
      <datafield tag="AVA" ind1=" " ind2=" ">
         <subfield code="a">NYU50</subfield>
         <subfield code="b">NISAW</subfield>
         <subfield code="c">Large Collection</subfield>
         <subfield code="d">DS72 .C56 1983</subfield>
         <subfield code="e">available</subfield>
         <subfield code="t">Available</subfield>
         <subfield code="f">1</subfield>
         <subfield code="g">0</subfield>
         <subfield code="h">N</subfield>
         <subfield code="i">0</subfield>
         <subfield code="j">LARGE</subfield>
         <subfield code="k">0</subfield>
      </datafield>
      <marc:datafield tag="852" ind1=" " ind2=" ">
         <marc:subfield code="b">Institute for the Study of the Ancient World, </marc:subfield>
         <marc:subfield code="c">Large Collection</marc:subfield>
         <marc:subfield code="e">15 East 84th St., </marc:subfield>
         <marc:subfield code="e">New York, NY  10028</marc:subfield>
      </marc:datafield>
   </record>