
  
  
  
  
  
  
 
  
  <record xsi:schemaLocation="http://www.loc.gov/MARC21/slim http://www.loc.gov/standards/marcxml/schema/MARC21slim.xsd">
      <leader>00000cam a2200241 a 45M</leader>
      <controlfield tag="FMT">BK</controlfield>
      <controlfield tag="LDR">00000cam a2200241 a 45M</controlfield>
      <controlfield tag="001">001174299</controlfield>
      <controlfield tag="003">NNU</controlfield>
      <controlfield tag="005">20150908094305.0</controlfield>
      <controlfield tag="008">040420s2004    enkab    b    001 0 eng d</controlfield>
      <datafield tag="015" ind1=" " ind2=" ">
         <subfield code="a">GBA4X1246</subfield>
         <subfield code="2">bnb</subfield>
      </datafield>
      <datafield tag="020" ind1=" " ind2=" ">
         <subfield code="a">0521838614 (hbk.)</subfield>
      </datafield>
      <datafield tag="035" ind1="9" ind2=" ">
         <subfield code="a">NYUb12999725</subfield>
      </datafield>
      <datafield tag="035" ind1=" " ind2=" ">
         <subfield code="a">(OCoLC)ocm56442696</subfield>
      </datafield>
      <datafield tag="035" ind1=" " ind2=" ">
         <subfield code="a">(NYU)NYUb12999725</subfield>
      </datafield>
      <datafield tag="040" ind1=" " ind2=" ">
         <subfield code="a">UKM</subfield>
         <subfield code="c">UKM</subfield>
         <subfield code="d">EMU</subfield>
         <subfield code="d">C#P</subfield>
         <subfield code="d">NNU</subfield>
      </datafield>
      <datafield tag="050" ind1=" " ind2="4">
         <subfield code="a">P211</subfield>
         <subfield code="b">.F62 2004</subfield>
      </datafield>
      <datafield tag="082" ind1="0" ind2="4">
         <subfield code="a">411.09</subfield>
         <subfield code="2">22</subfield>
      </datafield>
      <datafield tag="245" ind1="0" ind2="4">
         <subfield code="a">The first writing :</subfield>
         <subfield code="b">script invention as history and process /</subfield>
         <subfield code="c">[edited by] Stephen D. Houston.</subfield>
      </datafield>
      <datafield tag="260" ind1=" " ind2=" ">
         <subfield code="a">Cambridge, UK ;</subfield>
         <subfield code="a">New York, NY :</subfield>
         <subfield code="b">Cambridge University Press,</subfield>
         <subfield code="c">2004.</subfield>
      </datafield>
      <datafield tag="300" ind1=" " ind2=" ">
         <subfield code="a">xvii, 417 p. :</subfield>
         <subfield code="b">ill., maps ;</subfield>
         <subfield code="c">26 cm.</subfield>
      </datafield>
      <datafield tag="500" ind1=" " ind2=" ">
         <subfield code="a">"[E]dited by" from book jacket.</subfield>
      </datafield>
      <datafield tag="504" ind1=" " ind2=" ">
         <subfield code="a">Includes bibliographical references (p. [354]-394) and index.</subfield>
      </datafield>
      <datafield tag="505" ind1="0" ind2="0">
         <subfield code="g">Part I.</subfield>
         <subfield code="t">Orientation and theory.</subfield>
         <subfield code="t">Overture to The first writing /</subfield>
         <subfield code="r">Stephen D. Houston --</subfield>
         <subfield code="t">The possibility and actuality of writing /</subfield>
         <subfield code="r">John S. Robertson --</subfield>
         <subfield code="t">Writing systems : a case study in cultural evolution /</subfield>
         <subfield code="r">Burce G. Trigger.</subfield>
         <subfield code="g">Part II.</subfield>
         <subfield code="t">Case studies of primary and secondary script formation.</subfield>
         <subfield code="t">Babylonian beginnings : the origin of the cuneiform writing system in comparative perspective /</subfield>
         <subfield code="r">Jerrold S. Cooper --</subfield>
         <subfield code="t">The state of decipherment of proto-Elamite /</subfield>
         <subfield code="r">Robert K. Englund --</subfield>
         <subfield code="t">The earliest Egyptian writing : development, context, purpose /</subfield>
         <subfield code="r">John Baines --</subfield>
         <subfield code="t">Anyang writing and the origin of the Chinese writing system /</subfield>
         <subfield code="r">Robert W. Bagley --</subfield>
         <subfield code="t">Writing on shell and bone in Shang China /</subfield>
         <subfield code="r">Françoise Bottéro --</subfield>
         <subfield code="t">Reasons for runes /</subfield>
         <subfield code="r">Henrik Williams /</subfield>
         <subfield code="r">Writing in early Mesoamerica /</subfield>
         <subfield code="r">Stephen D. Houston/</subfield>
         <subfield code="g">Part III.</subfield>
         <subfield code="t">Epilogue.</subfield>
         <subfield code="t">Beyond writing /</subfield>
         <subfield code="r">Elizabeth Hill Boone --</subfield>
         <subfield code="t">Final thoughts on first writing /</subfield>
         <subfield code="r">Stephen D. Houston.</subfield>
      </datafield>
      <datafield tag="650" ind1=" " ind2="0">
         <subfield code="a">Written communication</subfield>
         <subfield code="x">History</subfield>
      </datafield>
      <datafield tag="700" ind1="1" ind2=" ">
         <subfield code="a">Houston, Stephen D.</subfield>
      </datafield>
      <datafield tag="OWN" ind1=" " ind2=" ">
         <subfield code="a">GENERAL</subfield>
      </datafield>
      <datafield tag="AVA" ind1=" " ind2=" ">
         <subfield code="a">NYU50</subfield>
         <subfield code="b">BOBST</subfield>
         <subfield code="c">Main Collection</subfield>
         <subfield code="d">P211 .F62 2004</subfield>
         <subfield code="e">unavailable</subfield>
         <subfield code="t">Unavailable</subfield>
         <subfield code="f">1</subfield>
         <subfield code="g">1</subfield>
         <subfield code="h">N</subfield>
         <subfield code="i">6</subfield>
         <subfield code="j">MAIN</subfield>
         <subfield code="k">0</subfield>
      </datafield>
      <datafield tag="AVA" ind1=" " ind2=" ">
         <subfield code="a">NYU50</subfield>
         <subfield code="b">NIFA</subfield>
         <subfield code="c">Main Collection</subfield>
         <subfield code="d">P211 .F62 2004 Non-circulating</subfield>
         <subfield code="e">available</subfield>
         <subfield code="t">Available</subfield>
         <subfield code="f">1</subfield>
         <subfield code="g">0</subfield>
         <subfield code="h">N</subfield>
         <subfield code="i">0</subfield>
         <subfield code="j">MAIN</subfield>
         <subfield code="k">0</subfield>
      </datafield>
      <datafield tag="AVA" ind1=" " ind2=" ">
         <subfield code="a">NYU50</subfield>
         <subfield code="b">NISAW</subfield>
         <subfield code="c">Small Collection</subfield>
         <subfield code="d">P211 .F62 2004</subfield>
         <subfield code="e">available</subfield>
         <subfield code="t">Available</subfield>
         <subfield code="f">1</subfield>
         <subfield code="g">0</subfield>
         <subfield code="h">N</subfield>
         <subfield code="i">0</subfield>
         <subfield code="j">SMALL</subfield>
         <subfield code="k">0</subfield>
      </datafield>
      <marc:datafield tag="852" ind1=" " ind2=" ">
         <marc:subfield code="b">Institute for the Study of the Ancient World, </marc:subfield>
         <marc:subfield code="c">Small Collection</marc:subfield>
         <marc:subfield code="e">15 East 84th St., </marc:subfield>
         <marc:subfield code="e">New York, NY  10028</marc:subfield>
      </marc:datafield>
   </record>