
  
  
  
  
  
  
  
 
  
  <record xsi:schemaLocation="http://www.loc.gov/MARC21/slim http://www.loc.gov/standards/marcxml/schema/MARC21slim.xsd">
      <leader>00000cam  2200757 i 4500</leader>
      <controlfield tag="FMT">BK</controlfield>
      <controlfield tag="LDR">00000cam  2200757 i 4500</controlfield>
      <controlfield tag="001">004175254</controlfield>
      <controlfield tag="003">OCoLC</controlfield>
      <controlfield tag="005">20150908120758.0</controlfield>
      <controlfield tag="008">150908s1978    maubf    b    001 0 eng</controlfield>
      <datafield tag="010" ind1=" " ind2=" ">
         <subfield code="a">78016341</subfield>
      </datafield>
      <datafield tag="020" ind1=" " ind2=" ">
         <subfield code="a">0897571037</subfield>
      </datafield>
      <datafield tag="020" ind1=" " ind2=" ">
         <subfield code="a">9780897571036</subfield>
      </datafield>
      <datafield tag="035" ind1=" " ind2=" ">
         <subfield code="a">(OCoLC)4056038</subfield>
      </datafield>
      <datafield tag="040" ind1=" " ind2=" ">
         <subfield code="a">DLC</subfield>
         <subfield code="b">eng</subfield>
         <subfield code="c">DLC</subfield>
         <subfield code="d">NLGGC</subfield>
         <subfield code="d">BTCTA</subfield>
         <subfield code="d">LVB</subfield>
         <subfield code="d">YDXCP</subfield>
         <subfield code="d">DEBBG</subfield>
         <subfield code="d">OCLCO</subfield>
         <subfield code="d">GBVCP</subfield>
         <subfield code="d">OCLCF</subfield>
         <subfield code="d">OCLCQ</subfield>
         <subfield code="d">MXL</subfield>
         <subfield code="d">OCL</subfield>
         <subfield code="d">NNU</subfield>
      </datafield>
      <datafield tag="043" ind1=" " ind2=" ">
         <subfield code="a">a-sy---</subfield>
      </datafield>
      <datafield tag="050" ind1="0" ind2="0">
         <subfield code="a">DS99.M3</subfield>
         <subfield code="b">M37 1978</subfield>
      </datafield>
      <datafield tag="082" ind1="0" ind2="0">
         <subfield code="a">935/.02</subfield>
      </datafield>
      <datafield tag="084" ind1=" " ind2=" ">
         <subfield code="a">73.06</subfield>
         <subfield code="2">bcl</subfield>
      </datafield>
      <datafield tag="084" ind1=" " ind2=" ">
         <subfield code="a">BC 8307</subfield>
         <subfield code="2">rvk</subfield>
      </datafield>
      <datafield tag="100" ind1="1" ind2=" ">
         <subfield code="a">Matthews, Victor Harold.</subfield>
      </datafield>
      <datafield tag="245" ind1="1" ind2="0">
         <subfield code="a">Pastoral nomadism in the Mari Kingdom (ca. 1830-1760 B.C.) /</subfield>
         <subfield code="c">by Victor Harold Matthews.</subfield>
      </datafield>
      <datafield tag="260" ind1=" " ind2=" ">
         <subfield code="a">Cambridge, MA :</subfield>
         <subfield code="b">American Schools of Oriental Research,</subfield>
         <subfield code="c">©1978.</subfield>
      </datafield>
      <datafield tag="300" ind1=" " ind2=" ">
         <subfield code="a">xiii, 213 pages, [1] leaf of plates :</subfield>
         <subfield code="b">maps ;</subfield>
         <subfield code="c">22 cm.</subfield>
      </datafield>
      <datafield tag="336" ind1=" " ind2=" ">
         <subfield code="a">text</subfield>
         <subfield code="b">txt</subfield>
         <subfield code="2">rdacontent</subfield>
      </datafield>
      <datafield tag="337" ind1=" " ind2=" ">
         <subfield code="a">unmediated</subfield>
         <subfield code="b">n</subfield>
         <subfield code="2">rdamedia</subfield>
      </datafield>
      <datafield tag="338" ind1=" " ind2=" ">
         <subfield code="a">volume</subfield>
         <subfield code="b">nc</subfield>
         <subfield code="2">rdacarrier</subfield>
      </datafield>
      <datafield tag="490" ind1="1" ind2=" ">
         <subfield code="a">Dissertation series ;</subfield>
         <subfield code="v">no. 3</subfield>
      </datafield>
      <datafield tag="500" ind1=" " ind2=" ">
         <subfield code="a">Originally presented as the author's thesis, Brandeis, 1977.</subfield>
      </datafield>
      <datafield tag="504" ind1=" " ind2=" ">
         <subfield code="a">Includes bibliographical references (pages 193-213) and index.</subfield>
      </datafield>
      <datafield tag="530" ind1=" " ind2=" ">
         <subfield code="a">Also issued online.</subfield>
      </datafield>
      <datafield tag="505" ind1="0" ind2=" ">
         <subfield code="a">Chapter I: Definition and character of pastoral nomadism -- A. Definitions based on resource extraction -- 1. Hunting and gathering -- 2. Transhumance -- 3. Seminomadism -- B. Development of pastoral nomadic occupational groups -- 1. Domestication process -- 2. Adaption to the physical and social environment -- C. Social organization -- 1. Tribal ties and affiliation -- 2. Kinship obligations among the migratory units -- 3. Independence and tribal consciousness -- 4. Relations with the sedentary community -- Chapter II: The aspects of herding among the pastoral nomads -- A. Topography and climate -- B. Tribal territories outlined -- C. Aspects of animal husbandry -- 1. Grazing and water rights -- 2. Development of breeding and the herding -- 3. Migration patterns and grazing zones -- 4. Dissemination of herding information -- D. Movement of the herding group -- 1. Pastoral requirements for moving -- 2. Political aids and restraints on movement -- E. Tribal herding and social units -- Chapter III: The social and economic aspects of a symbiotic community -- A. Occupational specialization and resource exploitation -- 1. Dimorphic society -- 2. Enclosed nomadism -- B. Aspects of interdependence and the diversification of tribal groups -- 1. Agricultural practices -- 2. Integrated tribal groups -- 3. Grazing of flocks in harvested fields -- C. Economical contacts between nomad and sedentary -- 1. Corvee of contract labor -- 2. military service -- 3. Herding contracts -- D. Raiding -- E. Tribal fluidity and demographics -- 1. Integrated of mixed tribal communities -- Chapter IV: The relations between tribe and state -- A. Political influences on pastoral nomadic groups -- 1. Autonomous dimorphic chiefdoms -- 2. Changes in the tribal elite -- B. Political contact points between tribe and state -- C. Tribal reactions to the central urban authority -- 1. Staged acts of defiance -- 2. "Withdrawal" and "Re-tribalization."</subfield>
      </datafield>
      <datafield tag="651" ind1=" " ind2="0">
         <subfield code="a">Mari (Extinct city)</subfield>
         <subfield code="x">Civilization.</subfield>
      </datafield>
      <datafield tag="650" ind1=" " ind2="0">
         <subfield code="a">Nomads</subfield>
         <subfield code="z">Syria</subfield>
         <subfield code="z">Mari (Extinct city)</subfield>
      </datafield>
      <datafield tag="650" ind1=" " ind2="7">
         <subfield code="a">Civilization.</subfield>
         <subfield code="2">fast</subfield>
         <subfield code="0">(OCoLC)fst00862898</subfield>
      </datafield>
      <datafield tag="650" ind1=" " ind2="7">
         <subfield code="a">Nomads.</subfield>
         <subfield code="2">fast</subfield>
         <subfield code="0">(OCoLC)fst01038439</subfield>
      </datafield>
      <datafield tag="651" ind1=" " ind2="7">
         <subfield code="a">Syria</subfield>
         <subfield code="z">Mari (Extinct city)</subfield>
         <subfield code="2">fast</subfield>
         <subfield code="0">(OCoLC)fst01896902</subfield>
      </datafield>
      <datafield tag="653" ind1=" " ind2="0">
         <subfield code="a">Mari (Extinct city)</subfield>
         <subfield code="a">Civilization</subfield>
      </datafield>
      <datafield tag="653" ind1=" " ind2="0">
         <subfield code="a">Nomads</subfield>
         <subfield code="a">Syria</subfield>
         <subfield code="a">Mari (Extinct city)</subfield>
      </datafield>
      <datafield tag="776" ind1="0" ind2="8">
         <subfield code="i">Online version:</subfield>
         <subfield code="a">Matthews, Victor Harold.</subfield>
         <subfield code="t">Pastoral nomadism in the Mari Kingdom (ca. 1830-1760 B.C.).</subfield>
         <subfield code="d">Cambridge, MA : American Schools of Oriental Research, ©1978</subfield>
         <subfield code="w">(OCoLC)565829950</subfield>
      </datafield>
      <datafield tag="830" ind1=" " ind2="0">
         <subfield code="a">Dissertation series (American Schools of Oriental Research) ;</subfield>
         <subfield code="v">no. 3.</subfield>
      </datafield>
      <datafield tag="994" ind1=" " ind2=" ">
         <subfield code="a">Z0</subfield>
         <subfield code="b">ZYU</subfield>
      </datafield>
      <datafield tag="OWN" ind1=" " ind2=" ">
         <subfield code="a">GENERAL</subfield>
      </datafield>
      <datafield tag="AVA" ind1=" " ind2=" ">
         <subfield code="a">NYU50</subfield>
         <subfield code="b">NISAW</subfield>
         <subfield code="c">Small Collection</subfield>
         <subfield code="d">DS99.M3 M37 1978</subfield>
         <subfield code="e">available</subfield>
         <subfield code="t">Available</subfield>
         <subfield code="f">1</subfield>
         <subfield code="g">0</subfield>
         <subfield code="h">N</subfield>
         <subfield code="i">0</subfield>
         <subfield code="j">SMALL</subfield>
         <subfield code="k">0</subfield>
      </datafield>
      <marc:datafield tag="852" ind1=" " ind2=" ">
         <marc:subfield code="b">Institute for the Study of the Ancient World, </marc:subfield>
         <marc:subfield code="c">Small Collection</marc:subfield>
         <marc:subfield code="e">15 East 84th St., </marc:subfield>
         <marc:subfield code="e">New York, NY  10028</marc:subfield>
      </marc:datafield>
   </record>