
  
  
  
  
  
  
  
 
  
  <record xsi:schemaLocation="http://www.loc.gov/MARC21/slim http://www.loc.gov/standards/marcxml/schema/MARC21slim.xsd">
      <leader>00000cam  2200697 a 4500</leader>
      <controlfield tag="FMT">BK</controlfield>
      <controlfield tag="LDR">00000cam  2200697 a 4500</controlfield>
      <controlfield tag="001">004186974</controlfield>
      <controlfield tag="003">OCoLC</controlfield>
      <controlfield tag="005">20150914112234.0</controlfield>
      <controlfield tag="008">150914s2000    cauab    b    101 0 eng</controlfield>
      <datafield tag="010" ind1=" " ind2=" ">
         <subfield code="a">00021567</subfield>
      </datafield>
      <datafield tag="020" ind1=" " ind2=" ">
         <subfield code="a">1557290695</subfield>
         <subfield code="q">(alk. paper)</subfield>
      </datafield>
      <datafield tag="020" ind1=" " ind2=" ">
         <subfield code="a">9781557290694</subfield>
         <subfield code="q">(alk. paper)</subfield>
      </datafield>
      <datafield tag="035" ind1=" " ind2=" ">
         <subfield code="a">(OCoLC)43499400</subfield>
         <subfield code="z">(OCoLC)717914233</subfield>
      </datafield>
      <datafield tag="040" ind1=" " ind2=" ">
         <subfield code="a">DLC</subfield>
         <subfield code="b">eng</subfield>
         <subfield code="c">DLC</subfield>
         <subfield code="d">BAKER</subfield>
         <subfield code="d">BTCTA</subfield>
         <subfield code="d">YDXCP</subfield>
         <subfield code="d">IG#</subfield>
         <subfield code="d">CHRRO</subfield>
         <subfield code="d">OCLCF</subfield>
         <subfield code="d">OCLCQ</subfield>
         <subfield code="d">OCLCO</subfield>
         <subfield code="d">OCL</subfield>
         <subfield code="d">NNU</subfield>
      </datafield>
      <datafield tag="041" ind1="0" ind2=" ">
         <subfield code="a">eng</subfield>
         <subfield code="a">chi</subfield>
      </datafield>
      <datafield tag="042" ind1=" " ind2=" ">
         <subfield code="a">pcc</subfield>
      </datafield>
      <datafield tag="043" ind1=" " ind2=" ">
         <subfield code="a">a-cc-hh</subfield>
      </datafield>
      <datafield tag="050" ind1="0" ind2="0">
         <subfield code="a">BL1900.L35</subfield>
         <subfield code="b">I58 1998</subfield>
      </datafield>
      <datafield tag="072" ind1=" " ind2="7">
         <subfield code="a">s1or</subfield>
         <subfield code="2">rero</subfield>
      </datafield>
      <datafield tag="082" ind1="0" ind2="0">
         <subfield code="a">299/.51482</subfield>
         <subfield code="2">21</subfield>
      </datafield>
      <datafield tag="111" ind1="2" ind2=" ">
         <subfield code="a">International Conference on the Guodian Laozi</subfield>
         <subfield code="d">(1998 :</subfield>
         <subfield code="c">Dartmouth College)</subfield>
      </datafield>
      <datafield tag="245" ind1="1" ind2="4">
         <subfield code="a">The Guodian Laozi :</subfield>
         <subfield code="b">proceedings of the International Conference, Dartmouth College, May 1998 /</subfield>
         <subfield code="c">edited by Sarah Allan and Crispin Williams.</subfield>
      </datafield>
      <datafield tag="260" ind1=" " ind2=" ">
         <subfield code="a">Berkeley, Calif. :</subfield>
         <subfield code="b">Society for the Study of Early China and Institute of East Asian Studies, University of California,</subfield>
         <subfield code="c">2000.</subfield>
      </datafield>
      <datafield tag="300" ind1=" " ind2=" ">
         <subfield code="a">vii, 289 pages :</subfield>
         <subfield code="b">illustrations, map ;</subfield>
         <subfield code="c">23 cm.</subfield>
      </datafield>
      <datafield tag="336" ind1=" " ind2=" ">
         <subfield code="a">text</subfield>
         <subfield code="b">txt</subfield>
         <subfield code="2">rdacontent</subfield>
      </datafield>
      <datafield tag="337" ind1=" " ind2=" ">
         <subfield code="a">unmediated</subfield>
         <subfield code="b">n</subfield>
         <subfield code="2">rdamedia</subfield>
      </datafield>
      <datafield tag="338" ind1=" " ind2=" ">
         <subfield code="a">volume</subfield>
         <subfield code="b">nc</subfield>
         <subfield code="2">rdacarrier</subfield>
      </datafield>
      <datafield tag="490" ind1="1" ind2=" ">
         <subfield code="a">Early China special monograph series ;</subfield>
         <subfield code="v">no. 5</subfield>
      </datafield>
      <datafield tag="504" ind1=" " ind2=" ">
         <subfield code="a">Includes bibliographical references and index.</subfield>
      </datafield>
      <datafield tag="505" ind1="0" ind2="0">
         <subfield code="t">Introduction /</subfield>
         <subfield code="r">Sarah Allan.</subfield>
         <subfield code="g">Section I.</subfield>
         <subfield code="t">Background papers /</subfield>
         <subfield code="r">translations from the Chinese by Sarah Allan and Crispin Williams.</subfield>
         <subfield code="t">A brief account of the origins and development of Chu culture /</subfield>
         <subfield code="r">Li Boqian --</subfield>
         <subfield code="t">An overview of tomb number one at Jingmen Guodian /</subfield>
         <subfield code="r">Liu Zuxin --</subfield>
         <subfield code="t">Post-excavation work on the Guidian bamboo-slip Laozi : a few points of explanation /</subfield>
         <subfield code="r">Peng Hao --</subfield>
         <subfield code="t">The study of early Chinese manuscripts : methodological preliminaries /</subfield>
         <subfield code="r">William G. Boltz --</subfield>
         <subfield code="t">On the analysis and transcriptions of early Chinese characters : examples from the Guodian Laozi /</subfield>
         <subfield code="r">Qiu Xigui --</subfield>
         <subfield code="t">Some observations concerning the transcription and punctuation of the Guodian Laozi /</subfield>
         <subfield code="r">Gao Ming --</subfield>
         <subfield code="t">Some methodological issues in the study of the Guodian Laozi parallels /</subfield>
         <subfield code="r">Harold D. Roth --</subfield>
         <subfield code="t">On the formal treatment of textual testimony /</subfield>
         <subfield code="r">P.M. Thompson --</subfield>
         <subfield code="t">The Confucian texts from Guodian tomb number one : their date and significance /</subfield>
         <subfield code="r">Li Xueqin.</subfield>
         <subfield code="g">Section II.</subfield>
         <subfield code="t">An account of the discussion /</subfield>
         <subfield code="r">by Sarah Allan and Crispin Williams ; participants: Sarah Allan ... [et al.].</subfield>
         <subfield code="g">Part 1.</subfield>
         <subfield code="t">The tomb and its contents --</subfield>
         <subfield code="g">Part 2.</subfield>
         <subfield code="t">The Laozi --</subfield>
         <subfield code="g">Part 3.</subfield>
         <subfield code="t">Other texts and the question of philosophical schools.</subfield>
         <subfield code="g">Section III.</subfield>
         <subfield code="t">Edition of the bamboo-slip Laozi A, B, and C, and Tai Yi Sheng Shui from Guodian tomb number one /</subfield>
         <subfield code="r">Edmund Ryden.</subfield>
         <subfield code="g">Section IV.</subfield>
         <subfield code="t">Supplementary materials.</subfield>
         <subfield code="t">Additional textual notes /</subfield>
         <subfield code="r">Gao Ming, Xing Wen, Xu Kangsheng, Qiu Xigui --</subfield>
         <subfield code="g">Afterthoughts.</subfield>
         <subfield code="t">Reinterpreting chapter 25 /</subfield>
         <subfield code="r">Roger Ames --</subfield>
         <subfield code="t">Bruce Brooks' theory of accretion /</subfield>
         <subfield code="r">Carine Defoort --</subfield>
         <subfield code="t">Arrangement of bamboo slips in Cheng Zhi Wen Zhi and Xing Zi Ming Chu /</subfield>
         <subfield code="r">Li Xueqin --</subfield>
         <subfield code="t">On C 1:1 to 3:22 (received text chapters 17, 18) /</subfield>
         <subfield code="r">Rudolf Wagner --</subfield>
         <subfield code="t">The case of [jue xue wang yu] and the problem of chapter division /</subfield>
         <subfield code="r">Wang Tao --</subfield>
         <subfield code="t">Scholarship on the Guodian texts in China : a review article /</subfield>
         <subfield code="r">Xing Wen.</subfield>
      </datafield>
      <datafield tag="600" ind1="0" ind2="0">
         <subfield code="a">Laozi.</subfield>
         <subfield code="t">Dao de jing</subfield>
         <subfield code="v">Congresses.</subfield>
      </datafield>
      <datafield tag="650" ind1=" " ind2="0">
         <subfield code="a">Manuscripts, Chinese</subfield>
         <subfield code="z">China</subfield>
         <subfield code="z">Jingmen Shi</subfield>
         <subfield code="v">Congresses.</subfield>
      </datafield>
      <datafield tag="650" ind1=" " ind2="0">
         <subfield code="a">Taoist philosophy</subfield>
         <subfield code="v">Congresses.</subfield>
      </datafield>
      <datafield tag="630" ind1="0" ind2="7">
         <subfield code="a">Dao de jing (Laozi)</subfield>
         <subfield code="2">fast</subfield>
         <subfield code="0">(OCoLC)fst01356734</subfield>
      </datafield>
      <datafield tag="650" ind1=" " ind2="7">
         <subfield code="a">Manuscripts, Chinese.</subfield>
         <subfield code="2">fast</subfield>
         <subfield code="0">(OCoLC)fst01008310</subfield>
      </datafield>
      <datafield tag="650" ind1=" " ind2="7">
         <subfield code="a">Taoist philosophy.</subfield>
         <subfield code="2">fast</subfield>
         <subfield code="0">(OCoLC)fst01754627</subfield>
      </datafield>
      <datafield tag="651" ind1=" " ind2="7">
         <subfield code="a">China</subfield>
         <subfield code="z">Jingmen Shi.</subfield>
         <subfield code="2">fast</subfield>
         <subfield code="0">(OCoLC)fst01235409</subfield>
      </datafield>
      <datafield tag="655" ind1=" " ind2="7">
         <subfield code="a">Conference papers and proceedings.</subfield>
         <subfield code="2">fast</subfield>
         <subfield code="0">(OCoLC)fst01423772</subfield>
      </datafield>
      <datafield tag="700" ind1="1" ind2=" ">
         <subfield code="a">Allan, Sarah.</subfield>
      </datafield>
      <datafield tag="700" ind1="1" ind2=" ">
         <subfield code="a">Williams, Crispin.</subfield>
      </datafield>
      <datafield tag="700" ind1="0" ind2="2">
         <subfield code="a">Laozi.</subfield>
         <subfield code="t">Dao de jing.</subfield>
         <subfield code="k">Selections.</subfield>
      </datafield>
      <datafield tag="830" ind1=" " ind2="0">
         <subfield code="a">Early China special monograph series ;</subfield>
         <subfield code="v">no. 5.</subfield>
      </datafield>
      <datafield tag="994" ind1=" " ind2=" ">
         <subfield code="a">Z0</subfield>
         <subfield code="b">ZYU</subfield>
      </datafield>
      <datafield tag="OWN" ind1=" " ind2=" ">
         <subfield code="a">GENERAL</subfield>
      </datafield>
      <datafield tag="AVA" ind1=" " ind2=" ">
         <subfield code="a">NYU50</subfield>
         <subfield code="b">NISAW</subfield>
         <subfield code="c">Small Collection</subfield>
         <subfield code="d">BL1900.L35 I58 1998</subfield>
         <subfield code="e">available</subfield>
         <subfield code="t">Available</subfield>
         <subfield code="f">1</subfield>
         <subfield code="g">0</subfield>
         <subfield code="h">N</subfield>
         <subfield code="i">0</subfield>
         <subfield code="j">SMALL</subfield>
         <subfield code="k">0</subfield>
      </datafield>
      <marc:datafield tag="852" ind1=" " ind2=" ">
         <marc:subfield code="b">Institute for the Study of the Ancient World, </marc:subfield>
         <marc:subfield code="c">Small Collection</marc:subfield>
         <marc:subfield code="e">15 East 84th St., </marc:subfield>
         <marc:subfield code="e">New York, NY  10028</marc:subfield>
      </marc:datafield>
   </record>