
  
  
  
  
  
  
  
 
  
  <record xsi:schemaLocation="http://www.loc.gov/MARC21/slim http://www.loc.gov/standards/marcxml/schema/MARC21slim.xsd">
      <leader>00000nam a2200241 a 45M</leader>
      <controlfield tag="FMT">BK</controlfield>
      <controlfield tag="LDR">00000nam a2200241 a 45M</controlfield>
      <controlfield tag="001">001592218</controlfield>
      <controlfield tag="003">NNU</controlfield>
      <controlfield tag="005">20150914121230.0</controlfield>
      <controlfield tag="008">000228s1963    enkaf    b    101 0 eng d</controlfield>
      <datafield tag="035" ind1="9" ind2=" ">
         <subfield code="a">NYUb12104590</subfield>
      </datafield>
      <datafield tag="040" ind1=" " ind2=" ">
         <subfield code="a">NNU</subfield>
         <subfield code="c">NNU</subfield>
      </datafield>
      <datafield tag="041" ind1="0" ind2=" ">
         <subfield code="a">eng</subfield>
         <subfield code="a">ger</subfield>
         <subfield code="a">fre</subfield>
      </datafield>
      <datafield tag="043" ind1=" " ind2=" ">
         <subfield code="a">aw-----</subfield>
      </datafield>
      <datafield tag="050" ind1=" " ind2="4">
         <subfield code="a">U31</subfield>
         <subfield code="b">.R46 1963</subfield>
      </datafield>
      <datafield tag="111" ind1="2" ind2=" ">
         <subfield code="a">Rencontre assyriologique internationale</subfield>
         <subfield code="n">(12th :</subfield>
         <subfield code="d">1963 :</subfield>
         <subfield code="c">University of London)</subfield>
      </datafield>
      <datafield tag="245" ind1="1" ind2="0">
         <subfield code="a">Warfare in the Ancient Near East :</subfield>
         <subfield code="b">papers read at the XIIème Rencontre Assyriologique Internationale, London, July 1-4, 1963.</subfield>
      </datafield>
      <datafield tag="260" ind1=" " ind2=" ">
         <subfield code="a">London :</subfield>
         <subfield code="b">British School of Archaeology in Iraq,</subfield>
         <subfield code="c">1963.</subfield>
      </datafield>
      <datafield tag="300" ind1=" " ind2=" ">
         <subfield code="a">vi p., p. 110-198 :</subfield>
         <subfield code="b">illustrations ;</subfield>
         <subfield code="c">29 cm.</subfield>
      </datafield>
      <datafield tag="546" ind1=" " ind2=" ">
         <subfield code="a">Essays in English, German and French.</subfield>
      </datafield>
      <datafield tag="500" ind1=" " ind2=" ">
         <subfield code="a">"The second part of our jubilee volume is devoted to the publication of ten of the papers read at the XIIème Rencontre assyriologique internationale held at the School of Oriental &amp; African Studies at the University of London from July 1st-4th, 1963"--P. i.</subfield>
      </datafield>
      <datafield tag="504" ind1=" " ind2=" ">
         <subfield code="a">Includes bibliographical references and index.</subfield>
      </datafield>
      <datafield tag="505" ind1="0" ind2="0">
         <subfield code="t">Guerre et paix à Ugarit /</subfield>
         <subfield code="r">J. Nougayrol --</subfield>
         <subfield code="t">Warfare in Asia Minor /</subfield>
         <subfield code="r">Albrecht Goetze --</subfield>
         <subfield code="t">Die Assyrer und der Krieg /</subfield>
         <subfield code="r">Wolfram von Soden --</subfield>
         <subfield code="t">Assyrian warfare in the Sargonid period /</subfield>
         <subfield code="r">H.W.F. Saggs --</subfield>
         <subfield code="t">Der assyrische Streitwagen /</subfield>
         <subfield code="r">B. Hrouda --</subfield>
         <subfield code="t">The warefare of the Hittites : from the legal point of view /</subfield>
         <subfield code="r">V. Korošec --</subfield>
         <subfield code="t">Erin-Manda /</subfield>
         <subfield code="r">F. Cornelius --</subfield>
         <subfield code="t">Literary texts from Ur, part II /</subfield>
         <subfield code="r">Samuel Noah Kramer --</subfield>
         <subfield code="t">Two sketches from the life at Ur /</subfield>
         <subfield code="r">C.J. Gadd.</subfield>
         <subfield code="g">Summaries of papers.</subfield>
         <subfield code="t">The conflict in the Akītu house /</subfield>
         <subfield code="r">W.G. Lambert --</subfield>
         <subfield code="t">L'opinion publique à Mari /</subfield>
         <subfield code="r">J.R. Kupper --</subfield>
         <subfield code="t">Termes militaires Accadiens dans l'A.T. Conservé dans la LXX /</subfield>
         <subfield code="r">A. Finet --</subfield>
         <subfield code="t">La guerre entre Lugal-Zaggesi et Urukagina : ses incidences sur l'économie de Lagash /</subfield>
         <subfield code="r">M. Lambert.</subfield>
      </datafield>
      <datafield tag="650" ind1=" " ind2="0">
         <subfield code="a">Military art and science</subfield>
         <subfield code="z">Middle East</subfield>
         <subfield code="x">History</subfield>
         <subfield code="v">Congresses.</subfield>
      </datafield>
      <datafield tag="651" ind1=" " ind2="0">
         <subfield code="a">Middle East</subfield>
         <subfield code="x">History</subfield>
         <subfield code="y">To 622</subfield>
         <subfield code="v">Congresses.</subfield>
      </datafield>
      <datafield tag="651" ind1=" " ind2="0">
         <subfield code="a">Iraq</subfield>
         <subfield code="x">History</subfield>
         <subfield code="y">To 634</subfield>
         <subfield code="v">Congresses.</subfield>
      </datafield>
      <datafield tag="773" ind1="0" ind2=" ">
         <subfield code="t">Iraq.</subfield>
         <subfield code="g">Vol. 25, pt. 2 (autumn 1963)</subfield>
      </datafield>
      <datafield tag="OWN" ind1=" " ind2=" ">
         <subfield code="a">GENERAL</subfield>
      </datafield>
      <datafield tag="AVA" ind1=" " ind2=" ">
         <subfield code="a">NYU50</subfield>
         <subfield code="b">NIFA</subfield>
         <subfield code="c">Main Collection</subfield>
         <subfield code="d">U31 .R46 1963</subfield>
         <subfield code="e">available</subfield>
         <subfield code="t">Available</subfield>
         <subfield code="f">1</subfield>
         <subfield code="g">0</subfield>
         <subfield code="h">N</subfield>
         <subfield code="i">0</subfield>
         <subfield code="j">MAIN</subfield>
         <subfield code="k">0</subfield>
      </datafield>
      <datafield tag="AVA" ind1=" " ind2=" ">
         <subfield code="a">NYU50</subfield>
         <subfield code="b">NISAW</subfield>
         <subfield code="c">Large Collection</subfield>
         <subfield code="d">U31 .R46 1963</subfield>
         <subfield code="e">available</subfield>
         <subfield code="t">Available</subfield>
         <subfield code="f">1</subfield>
         <subfield code="g">0</subfield>
         <subfield code="h">N</subfield>
         <subfield code="i">0</subfield>
         <subfield code="j">LARGE</subfield>
         <subfield code="k">0</subfield>
      </datafield>
      <marc:datafield tag="852" ind1=" " ind2=" ">
         <marc:subfield code="b">Institute for the Study of the Ancient World, </marc:subfield>
         <marc:subfield code="c">Large Collection</marc:subfield>
         <marc:subfield code="e">15 East 84th St., </marc:subfield>
         <marc:subfield code="e">New York, NY  10028</marc:subfield>
      </marc:datafield>
   </record>