
  
  
  
  
  
  
  
 
  
  <record xsi:schemaLocation="http://www.loc.gov/MARC21/slim http://www.loc.gov/standards/marcxml/schema/MARC21slim.xsd">
      <leader>00000cam  2200805 i 4500</leader>
      <controlfield tag="FMT">BK</controlfield>
      <controlfield tag="LDR">00000cam  2200805 i 4500</controlfield>
      <controlfield tag="001">003833340</controlfield>
      <controlfield tag="003">OCoLC</controlfield>
      <controlfield tag="005">20141031111953.0</controlfield>
      <controlfield tag="008">130918t20132013ilua     b    001 0 eng c</controlfield>
      <datafield tag="010" ind1=" " ind2=" ">
         <subfield code="a">2012036981</subfield>
      </datafield>
      <datafield tag="015" ind1=" " ind2=" ">
         <subfield code="a">GBB307534</subfield>
         <subfield code="2">bnb</subfield>
      </datafield>
      <datafield tag="016" ind1="7" ind2=" ">
         <subfield code="a">016260733</subfield>
         <subfield code="2">Uk</subfield>
      </datafield>
      <datafield tag="020" ind1=" " ind2=" ">
         <subfield code="a">9780226816371 (cloth : alk. paper)</subfield>
      </datafield>
      <datafield tag="020" ind1=" " ind2=" ">
         <subfield code="a">0226816370 (cloth : alk. paper)</subfield>
      </datafield>
      <datafield tag="020" ind1=" " ind2=" ">
         <subfield code="a">9780226816388 (paper : alk. paper)</subfield>
      </datafield>
      <datafield tag="020" ind1=" " ind2=" ">
         <subfield code="a">0226816389 (paper : alk. paper)</subfield>
      </datafield>
      <datafield tag="020" ind1=" " ind2=" ">
         <subfield code="z">9780226816395 (e-book)</subfield>
      </datafield>
      <datafield tag="020" ind1=" " ind2=" ">
         <subfield code="z">0226816397 (e-book)</subfield>
      </datafield>
      <datafield tag="035" ind1=" " ind2=" ">
         <subfield code="a">(OCoLC)811239038</subfield>
         <subfield code="z">(OCoLC)809911113</subfield>
         <subfield code="z">(OCoLC)809911115</subfield>
         <subfield code="z">(OCoLC)839680186</subfield>
      </datafield>
      <datafield tag="040" ind1=" " ind2=" ">
         <subfield code="a">ICU/DLC</subfield>
         <subfield code="b">eng</subfield>
         <subfield code="e">rda</subfield>
         <subfield code="c">CGU</subfield>
         <subfield code="d">DLC</subfield>
         <subfield code="d">PUL</subfield>
         <subfield code="d">OCLCO</subfield>
         <subfield code="d">YDXCP</subfield>
         <subfield code="d">BTCTA</subfield>
         <subfield code="d">BDX</subfield>
         <subfield code="d">UKMGB</subfield>
         <subfield code="d">BWX</subfield>
         <subfield code="d">WIY</subfield>
         <subfield code="d">JQM</subfield>
         <subfield code="d">MNW</subfield>
         <subfield code="d">WSL</subfield>
         <subfield code="d">CDX</subfield>
         <subfield code="d">UPZ</subfield>
         <subfield code="d">VP@</subfield>
         <subfield code="d">UWC</subfield>
         <subfield code="d">NLGGC</subfield>
         <subfield code="d">IQU</subfield>
         <subfield code="d">ZCU</subfield>
         <subfield code="d">NNU</subfield>
      </datafield>
      <datafield tag="042" ind1=" " ind2=" ">
         <subfield code="a">pcc</subfield>
      </datafield>
      <datafield tag="050" ind1="0" ind2="0">
         <subfield code="a">LB2369</subfield>
         <subfield code="b">.T8 2013</subfield>
      </datafield>
      <datafield tag="082" ind1="0" ind2="0">
         <subfield code="a">808.06/6378</subfield>
         <subfield code="2">23</subfield>
      </datafield>
      <datafield tag="084" ind1=" " ind2=" ">
         <subfield code="a">02.13</subfield>
         <subfield code="2">bcl</subfield>
      </datafield>
      <datafield tag="100" ind1="1" ind2=" ">
         <subfield code="a">Turabian, Kate L.</subfield>
      </datafield>
      <datafield tag="245" ind1="1" ind2="2">
         <subfield code="a">A manual for writers of research papers, theses, and dissertations :</subfield>
         <subfield code="b">Chicago Style for students and researchers /</subfield>
         <subfield code="c">Kate L. Turabian ; revised by Wayne C. Booth, Gregory G. Colomb, Joseph M. Williams, and the University of Chicago Press editorial staff.</subfield>
      </datafield>
      <datafield tag="246" ind1="3" ind2="0">
         <subfield code="a">Chicago Style for students and researchers</subfield>
      </datafield>
      <datafield tag="250" ind1=" " ind2=" ">
         <subfield code="a">8th edition.</subfield>
      </datafield>
      <datafield tag="264" ind1=" " ind2="1">
         <subfield code="a">Chicago :</subfield>
         <subfield code="b">University of Chicago Press,</subfield>
         <subfield code="c">[2013]</subfield>
      </datafield>
      <datafield tag="264" ind1=" " ind2="4">
         <subfield code="c">©2013</subfield>
      </datafield>
      <datafield tag="300" ind1=" " ind2=" ">
         <subfield code="a">xv, 448 pages :</subfield>
         <subfield code="b">illustrations ;</subfield>
         <subfield code="c">24 cm</subfield>
      </datafield>
      <datafield tag="336" ind1=" " ind2=" ">
         <subfield code="a">text</subfield>
         <subfield code="2">rdacontent</subfield>
      </datafield>
      <datafield tag="337" ind1=" " ind2=" ">
         <subfield code="a">unmediated</subfield>
         <subfield code="2">rdamedia</subfield>
      </datafield>
      <datafield tag="338" ind1=" " ind2=" ">
         <subfield code="a">volume</subfield>
         <subfield code="2">rdacarrier</subfield>
      </datafield>
      <datafield tag="490" ind1="1" ind2=" ">
         <subfield code="a">Chicago guides to writing, editing, and publishing</subfield>
      </datafield>
      <datafield tag="500" ind1=" " ind2=" ">
         <subfield code="a">"Portions of this book have been adapted from The Craft of Research, 3rd edition, by Wayne C. Booth, Gregory C. Colomb, and Joseph M. Williams, ©1995, 2003, 2008 by The University of Chicago; and The Chicago Manual of Style, 16th edition, ©2010 by The University of Chicago"--Title page verso.</subfield>
      </datafield>
      <datafield tag="504" ind1=" " ind2=" ">
         <subfield code="a">Includes bibliographical references (pages 409-433) and index.</subfield>
      </datafield>
      <datafield tag="505" ind1="0" ind2="0">
         <subfield code="t">Research and writing : from planning to production /</subfield>
         <subfield code="r">Wayne C. Booth, Gregory C. Colomb, and Joseph M. Williams:</subfield>
         <subfield code="t">What research is and how researchers think about it ;</subfield>
         <subfield code="t">Moving from a topic to a question to a working hypothesis ;</subfield>
         <subfield code="t">Finding useful sources ;</subfield>
         <subfield code="t">Engaging sources ;</subfield>
         <subfield code="t">Planning your argument ;</subfield>
         <subfield code="t">Planning a first draft ;</subfield>
         <subfield code="t">Drafting your report ;</subfield>
         <subfield code="t">Presenting evidence in tables and figures ;</subfield>
         <subfield code="t">Revising your draft ;</subfield>
         <subfield code="t">Writing your final introduction and conclusion;</subfield>
         <subfield code="t">Revising sentences ;</subfield>
         <subfield code="t">Learning from your returned paper ;</subfield>
         <subfield code="t">Presenting research in alternative forums ;</subfield>
         <subfield code="t">On the spirit of research --</subfield>
         <subfield code="t">Source citation:</subfield>
         <subfield code="t">General introduction to citation practices ;</subfield>
         <subfield code="t">Notes-bibliography style : the basic form ;</subfield>
         <subfield code="t">Notes-bibliography style : citing specific types of sources ;</subfield>
         <subfield code="t">Author-date style : the basic form ;</subfield>
         <subfield code="t">Author-date style : citing specific types of sources --</subfield>
         <subfield code="t">Style:</subfield>
         <subfield code="t">Spelling ;</subfield>
         <subfield code="t">Punctuation ;</subfield>
         <subfield code="t">Names, special terms, and titles of works ;</subfield>
         <subfield code="t">Numbers ;</subfield>
         <subfield code="t">Abbreviations ;</subfield>
         <subfield code="t">Quotations ;</subfield>
         <subfield code="t">Tables and figures --</subfield>
         <subfield code="g">Appendix:</subfield>
         <subfield code="t">Paper format and submission.</subfield>
      </datafield>
      <datafield tag="650" ind1=" " ind2="0">
         <subfield code="a">Dissertations, Academic</subfield>
         <subfield code="v">Handbooks, manuals, etc.</subfield>
      </datafield>
      <datafield tag="650" ind1=" " ind2="0">
         <subfield code="a">Academic writing</subfield>
         <subfield code="v">Handbooks, manuals, etc.</subfield>
      </datafield>
      <datafield tag="700" ind1="1" ind2=" ">
         <subfield code="a">Booth, Wayne C.</subfield>
      </datafield>
      <datafield tag="700" ind1="1" ind2=" ">
         <subfield code="a">Colomb, Gregory G.</subfield>
      </datafield>
      <datafield tag="700" ind1="1" ind2=" ">
         <subfield code="a">Williams, Joseph M.</subfield>
      </datafield>
      <datafield tag="830" ind1=" " ind2="0">
         <subfield code="a">Chicago guides to writing, editing, and publishing.</subfield>
      </datafield>
      <datafield tag="994" ind1=" " ind2=" ">
         <subfield code="a">Z0</subfield>
         <subfield code="b">ZYU</subfield>
      </datafield>
      <datafield tag="OWN" ind1=" " ind2=" ">
         <subfield code="a">GENERAL</subfield>
      </datafield>
      <datafield tag="AVA" ind1=" " ind2=" ">
         <subfield code="a">NYU50</subfield>
         <subfield code="b">BOBST</subfield>
         <subfield code="c">1st Floor Reference</subfield>
         <subfield code="d">LB2369 .T8 2013 Non-circulating</subfield>
         <subfield code="e">available</subfield>
         <subfield code="t">Available</subfield>
         <subfield code="f">1</subfield>
         <subfield code="g">0</subfield>
         <subfield code="h">N</subfield>
         <subfield code="i">0</subfield>
         <subfield code="j">REF1</subfield>
         <subfield code="k">0</subfield>
      </datafield>
      <datafield tag="AVA" ind1=" " ind2=" ">
         <subfield code="a">NYU50</subfield>
         <subfield code="b">BRES</subfield>
         <subfield code="c">Reserve Collection</subfield>
         <subfield code="d">LB 2369 T8 2013</subfield>
         <subfield code="e">available</subfield>
         <subfield code="t">Available</subfield>
         <subfield code="f">1</subfield>
         <subfield code="g">0</subfield>
         <subfield code="h">N</subfield>
         <subfield code="i">16</subfield>
         <subfield code="j">BRES</subfield>
         <subfield code="k">2</subfield>
      </datafield>
      <datafield tag="AVA" ind1=" " ind2=" ">
         <subfield code="a">NYU50</subfield>
         <subfield code="b">CU</subfield>
         <subfield code="c">Reference</subfield>
         <subfield code="d">LB2369 .T8 2013 Non-circulating</subfield>
         <subfield code="e">available</subfield>
         <subfield code="t">Available</subfield>
         <subfield code="f">1</subfield>
         <subfield code="g">0</subfield>
         <subfield code="h">N</subfield>
         <subfield code="i">0</subfield>
         <subfield code="j">REF</subfield>
         <subfield code="k">0</subfield>
      </datafield>
      <datafield tag="AVA" ind1=" " ind2=" ">
         <subfield code="a">NYU50</subfield>
         <subfield code="b">NISAW</subfield>
         <subfield code="c">Reference 3 Collection</subfield>
         <subfield code="d">LB2369 .T8 2013</subfield>
         <subfield code="e">available</subfield>
         <subfield code="t">Available</subfield>
         <subfield code="f">1</subfield>
         <subfield code="g">0</subfield>
         <subfield code="h">N</subfield>
         <subfield code="i">0</subfield>
         <subfield code="j">REF3</subfield>
         <subfield code="k">0</subfield>
      </datafield>
      <marc:datafield tag="852" ind1=" " ind2=" ">
         <marc:subfield code="b">Institute for the Study of the Ancient World, </marc:subfield>
         <marc:subfield code="c">Reference 3 Collection</marc:subfield>
         <marc:subfield code="e">15 East 84th St., </marc:subfield>
         <marc:subfield code="e">New York, NY  10028</marc:subfield>
      </marc:datafield>
   </record>