
  
  
  
  
  
  
 
  
  <record xsi:schemaLocation="http://www.loc.gov/MARC21/slim http://www.loc.gov/standards/marcxml/schema/MARC21slim.xsd">
      <leader>00000cam  2201009 a 4500</leader>
      <controlfield tag="FMT">BK</controlfield>
      <controlfield tag="LDR">00000cam  2201009 a 4500</controlfield>
      <controlfield tag="001">004188703</controlfield>
      <controlfield tag="003">OCoLC</controlfield>
      <controlfield tag="005">20150917150752.0</controlfield>
      <controlfield tag="008">150917s1951    enkaf    b    001 0 eng</controlfield>
      <datafield tag="010" ind1=" " ind2=" ">
         <subfield code="a">52018733</subfield>
      </datafield>
      <datafield tag="015" ind1=" " ind2=" ">
         <subfield code="a">GB51-6053</subfield>
      </datafield>
      <datafield tag="035" ind1=" " ind2=" ">
         <subfield code="a">(OCoLC)883794</subfield>
         <subfield code="z">(OCoLC)541675</subfield>
         <subfield code="z">(OCoLC)1181845</subfield>
         <subfield code="z">(OCoLC)65124075</subfield>
         <subfield code="z">(OCoLC)610531234</subfield>
         <subfield code="z">(OCoLC)638139668</subfield>
      </datafield>
      <datafield tag="040" ind1=" " ind2=" ">
         <subfield code="a">DLC</subfield>
         <subfield code="b">eng</subfield>
         <subfield code="c">OTC</subfield>
         <subfield code="d">DLC</subfield>
         <subfield code="d">NAM</subfield>
         <subfield code="d">SLU</subfield>
         <subfield code="d">ODC</subfield>
         <subfield code="d">MSV</subfield>
         <subfield code="d">UKM</subfield>
         <subfield code="d">NLGGC</subfield>
         <subfield code="d">GEBAY</subfield>
         <subfield code="d">OCLCF</subfield>
         <subfield code="d">OCLCO</subfield>
         <subfield code="d">OCLCQ</subfield>
         <subfield code="d">MXL</subfield>
         <subfield code="d">DEBBG</subfield>
         <subfield code="d">NNU</subfield>
      </datafield>
      <datafield tag="041" ind1="1" ind2=" ">
         <subfield code="a">eng</subfield>
         <subfield code="a">heb</subfield>
         <subfield code="a">hit</subfield>
         <subfield code="h">hit</subfield>
      </datafield>
      <datafield tag="042" ind1=" " ind2=" ">
         <subfield code="a">premarc</subfield>
      </datafield>
      <datafield tag="043" ind1=" " ind2=" ">
         <subfield code="a">a-tu---</subfield>
      </datafield>
      <datafield tag="050" ind1="0" ind2="0">
         <subfield code="a">KL4706.5</subfield>
         <subfield code="b">.H588 1951</subfield>
      </datafield>
      <datafield tag="082" ind1=" " ind2=" ">
         <subfield code="a">349.39</subfield>
      </datafield>
      <datafield tag="084" ind1=" " ind2=" ">
         <subfield code="a">86.10</subfield>
         <subfield code="2">bcl</subfield>
      </datafield>
      <datafield tag="084" ind1=" " ind2=" ">
         <subfield code="a">18.68</subfield>
         <subfield code="2">bcl</subfield>
      </datafield>
      <datafield tag="084" ind1=" " ind2=" ">
         <subfield code="a">11.19</subfield>
         <subfield code="2">bcl</subfield>
      </datafield>
      <datafield tag="084" ind1=" " ind2=" ">
         <subfield code="a">EW 320</subfield>
         <subfield code="2">rvk</subfield>
      </datafield>
      <datafield tag="245" ind1="0" ind2="4">
         <subfield code="a">The Hittite laws /</subfield>
         <subfield code="c">translated into English and Hebrew with commentary, by E. Neufeld.</subfield>
      </datafield>
      <datafield tag="260" ind1=" " ind2=" ">
         <subfield code="a">London :</subfield>
         <subfield code="b">Luzac,</subfield>
         <subfield code="c">1951.</subfield>
      </datafield>
      <datafield tag="300" ind1=" " ind2=" ">
         <subfield code="a">xi, 209 pages, l leaves of plates :</subfield>
         <subfield code="b">illustrations ;</subfield>
         <subfield code="c">25 cm</subfield>
      </datafield>
      <datafield tag="336" ind1=" " ind2=" ">
         <subfield code="a">text</subfield>
         <subfield code="b">txt</subfield>
         <subfield code="2">rdacontent</subfield>
      </datafield>
      <datafield tag="336" ind1=" " ind2=" ">
         <subfield code="a">still image</subfield>
         <subfield code="b">sti</subfield>
         <subfield code="2">rdacontent</subfield>
      </datafield>
      <datafield tag="337" ind1=" " ind2=" ">
         <subfield code="a">unmediated</subfield>
         <subfield code="b">n</subfield>
         <subfield code="2">rdamedia</subfield>
      </datafield>
      <datafield tag="338" ind1=" " ind2=" ">
         <subfield code="a">volume</subfield>
         <subfield code="b">nc</subfield>
         <subfield code="2">rdacarrier</subfield>
      </datafield>
      <datafield tag="504" ind1=" " ind2=" ">
         <subfield code="a">Includes bibliographical references and indexes.</subfield>
      </datafield>
      <datafield tag="530" ind1=" " ind2=" ">
         <subfield code="a">Also issued online.</subfield>
      </datafield>
      <datafield tag="505" ind1="0" ind2=" ">
         <subfield code="a">Text translations -- The law tablets and the Hittite language : Discovery and legal significance ; Dispersal of the tablets ; Tablets and fragments ; Basic texts ; The two tablets of law ; Fragments ; Texts of first tablet ; Texts of second tablet ; Compilation of basic texts ; Publications and translations ; Decipherment and linguistic area ; Sumerian and Akkadian in Hittite ; Cuneiform writing and Hittite innovations ; Hittite and Indo-European ; Inflexion of nouns, verbs and pronouns ; Declension of pronouns ; Inflexional endings of pronouns ; Verbal composition ; Gender ; Conjugations ; Verbal inflexion ; Noun declension ; Verbal paradigms and medio-passive ; Verbal system ; Hittite and Indo-European --</subfield>
      </datafield>
      <datafield tag="505" ind1="0" ind2=" ">
         <subfield code="9"/>
         <subfield code="a">The character and date of the laws : Introduction ; Hittite culture ; Miscellaneous composition ; Customary and statute laws ; Substance of customary laws ; General tendency ; Substance of statute laws ; General tendency ; Character of statute laws ; uniformity with Semitic laws ; Language and character ; Incompleteness, structure and legal science ; Lack of order ; Attempts towards systematization ; Relationship to Babylonian-Assyrian laws ; Historico-comparative method ; Code or law-book ; Cuneiform jurists and their collectivism ; Lack of uniformity and interpolations ; Supreme and subordinate legislation ; Judicial formulae and decisions ; Process of compilation and date ; Suggested theories ; Date of originals and copies ; Date of statute clauses: Telipinus ; The role of Telipinus ; Telipinus's reform and the statute law --</subfield>
      </datafield>
      <datafield tag="505" ind1="0" ind2=" ">
         <subfield code="9"/>
         <subfield code="a">The legal framework and general classification : Penal law and joint responsibility ; Laws of theft ; Offences against private persons ; Local legislation ; Commercial law ; Classes ; Free men ; Half-free men ; Slaves ; Relationship akin to slavery ; Family ; Marital power ; Ius vitae necisque ; Laws of marriage ; Omissions ; The law of inheritance ; DUMU and DUMU.NITA ; Incest --</subfield>
      </datafield>
      <datafield tag="505" ind1="0" ind2=" ">
         <subfield code="9"/>
         <subfield code="a">The first Tablet : Homicide ; Surrender of persons ; Parna-se-ya suwaezi ; Resume ; Claims in the early stages of courts ; Manslaughter ; Robbery and murder of a merchant ; Liability of occupiers of territory ; Assault and battery ; Miscarriage through Assault ; Gestation during the tenth month ; Kidnapping and theft of slaves ; Runaway slaves ; Sanitation (?) ; Patrilocal and matrilocal marriage ; Betrothal: darant-,</subfield>
      </datafield>
      <datafield tag="505" ind1="0" ind2=" ">
         <subfield code="9"/>
         <subfield code="a">hamenk- ; Kusata ; Resume ; Korosec's theory ; Marriage between different social classes ; Divorce ; Division of property ; Marriage with a slave ; Marriage by Usus ; Erebu-marriage ; Justifiable homicide ; Interference with justice ; Fief and feudal duties ; Military fief ; Small fief ; Feudal tenants ; Neglect of feudal duties ; Disappearance of soldier or liegeman ; Payment for hiring ; Pushing into river ; Pushing into fire ; Magical power of remnants ; Witchcraft and black magic ; Courts and royal pardon ; Findings and publicity ; Feudal tenure and royal fief ; Sale of fief among Hittites and Babylonians ; Hipparas and Twikkanza ; Persons exempted from feudal dues and duties ; division of fief ; Exemption from feudal dues and duties ; Theft of domestic animals ; Killing,</subfield>
      </datafield>
      <datafield tag="505" ind1="0" ind2=" ">
         <subfield code="9"/>
         <subfield code="a">usurping (?) and losing an animal ; Evidence of death of hired animal and injuries to animal ; Breach of contract ; Oxen going astray and shepherd rescuing his flock ; Killing and stealing animals and beehives ; Attempt to break in and theft by free person or slave ; Accidental incendiarism --</subfield>
      </datafield>
      <datafield tag="505" ind1="0" ind2=" ">
         <subfield code="9"/>
         <subfield code="a">The second tablet : Theft of arboreal articles ; Damage to fields by fire and animals ; Theft and damage of fruit and fruit trees ; Theft of plaster, and magic ; Military fief ; Damage to and theft of various articles ; Breach of contract ; Encroachment upon neighbour's trade ; Sale of stolen property ; Laws fixing wages ; Interference with irrigation ; Cattle going astray ; Ritual laws ; Prohibition against mixed sowing ; Consecration ritual ; Law against sorcery ; Expulsion and re-acceptance of son by mother ; Sustenance during a lean year ; Protection of those in authority ; Killing during a fight ; Marriage of AGRIG or SIPAD with a free women ; Magic ; Laws regulating prices ; Bestiality ; Prohibited sexual relations ; Intimacy with a ghost, incubation or necromancy ; Relations with stepmother ; Fornication ; Marriage with wife's sister ; Levirate ; Kinsfolk and father and son with same concubine ; Brother's wife, stepdaughter, mother-in-law,</subfield>
      </datafield>
      <datafield tag="505" ind1="0" ind2=" ">
         <subfield code="9"/>
         <subfield code="a">wife's sister ; Fornication among slaves ; Rape ; Bestiality and injuries by cattle ; Bestiality and relations with a foreign woman; Price of apprenticeship.</subfield>
      </datafield>
      <datafield tag="546" ind1=" " ind2=" ">
         <subfield code="a">Texts in parallel English and Hebrew translation; commentary in English; plates in cuneiform Hittite.</subfield>
      </datafield>
      <datafield tag="650" ind1=" " ind2="0">
         <subfield code="a">Law, Hittite.</subfield>
      </datafield>
      <datafield tag="650" ind1=" " ind2="0">
         <subfield code="a">Hittite language</subfield>
         <subfield code="v">Texts.</subfield>
      </datafield>
      <datafield tag="650" ind1=" " ind2="7">
         <subfield code="a">Law, Hittite.</subfield>
         <subfield code="2">fast</subfield>
         <subfield code="0">(OCoLC)fst00994221</subfield>
      </datafield>
      <datafield tag="700" ind1="1" ind2=" ">
         <subfield code="a">Neufeld, E.</subfield>
         <subfield code="q">(Ephraim),</subfield>
         <subfield code="d">1912-</subfield>
      </datafield>
      <datafield tag="776" ind1="0" ind2="8">
         <subfield code="i">Online version:</subfield>
         <subfield code="t">Hittite laws.</subfield>
         <subfield code="d">London : Luzac, 1951</subfield>
         <subfield code="w">(OCoLC)580165219</subfield>
      </datafield>
      <datafield tag="994" ind1=" " ind2=" ">
         <subfield code="a">Z0</subfield>
         <subfield code="b">ZYU</subfield>
      </datafield>
      <datafield tag="OWN" ind1=" " ind2=" ">
         <subfield code="a">GENERAL</subfield>
      </datafield>
      <datafield tag="AVA" ind1=" " ind2=" ">
         <subfield code="a">NYU50</subfield>
         <subfield code="b">NISAW</subfield>
         <subfield code="c">Small Collection</subfield>
         <subfield code="d">KL4706.5 .H588 1951</subfield>
         <subfield code="e">available</subfield>
         <subfield code="t">Available</subfield>
         <subfield code="f">1</subfield>
         <subfield code="g">0</subfield>
         <subfield code="h">N</subfield>
         <subfield code="i">0</subfield>
         <subfield code="j">SMALL</subfield>
         <subfield code="k">0</subfield>
      </datafield>
      <marc:datafield tag="852" ind1=" " ind2=" ">
         <marc:subfield code="b">Institute for the Study of the Ancient World, </marc:subfield>
         <marc:subfield code="c">Small Collection</marc:subfield>
         <marc:subfield code="e">15 East 84th St., </marc:subfield>
         <marc:subfield code="e">New York, NY  10028</marc:subfield>
      </marc:datafield>
   </record>