
  
  
  
  
  
  
  
 
  
  <record xsi:schemaLocation="http://www.loc.gov/MARC21/slim http://www.loc.gov/standards/marcxml/schema/MARC21slim.xsd">
      <leader>00000cam  2200613 a 4500</leader>
      <controlfield tag="FMT">BK</controlfield>
      <controlfield tag="LDR">00000cam  2200613 a 4500</controlfield>
      <controlfield tag="001">004189135</controlfield>
      <controlfield tag="003">OCoLC</controlfield>
      <controlfield tag="005">20150921142536.0</controlfield>
      <controlfield tag="008">150921s2014    tu abe   b    100 0 eng d</controlfield>
      <datafield tag="020" ind1=" " ind2=" ">
         <subfield code="a">9786054701605 (2-v. set : pbk.)</subfield>
      </datafield>
      <datafield tag="020" ind1=" " ind2=" ">
         <subfield code="a">6054701606 (2-v. set : pbk.)</subfield>
      </datafield>
      <datafield tag="020" ind1=" " ind2=" ">
         <subfield code="a">9786054701612 (v. 1 : pbk.)</subfield>
      </datafield>
      <datafield tag="020" ind1=" " ind2=" ">
         <subfield code="a">6054701614 (v. 1 : pbk.)</subfield>
      </datafield>
      <datafield tag="020" ind1=" " ind2=" ">
         <subfield code="a">9786054701629 (v. 2 : pbk.)</subfield>
      </datafield>
      <datafield tag="020" ind1=" " ind2=" ">
         <subfield code="a">6054701622 (v. 2 : pbk.)</subfield>
      </datafield>
      <datafield tag="024" ind1="3" ind2=" ">
         <subfield code="a">9786054701605</subfield>
      </datafield>
      <datafield tag="035" ind1=" " ind2=" ">
         <subfield code="a">(OCoLC)908021898</subfield>
         <subfield code="z">(OCoLC)907886113</subfield>
         <subfield code="z">(OCoLC)908084342</subfield>
      </datafield>
      <datafield tag="040" ind1=" " ind2=" ">
         <subfield code="a">OHX</subfield>
         <subfield code="b">eng</subfield>
         <subfield code="c">OHX</subfield>
         <subfield code="d">OCLCO</subfield>
         <subfield code="d">BTCTA</subfield>
         <subfield code="d">YDXCP</subfield>
         <subfield code="d">JPG</subfield>
         <subfield code="d">COO</subfield>
         <subfield code="d">TEF</subfield>
         <subfield code="d">OCLCO</subfield>
         <subfield code="d">OCLCF</subfield>
         <subfield code="d">OCLCO</subfield>
         <subfield code="d">NNU</subfield>
      </datafield>
      <datafield tag="041" ind1="0" ind2=" ">
         <subfield code="a">eng</subfield>
         <subfield code="a">ger</subfield>
         <subfield code="a">tur</subfield>
         <subfield code="b">eng</subfield>
         <subfield code="b">ger</subfield>
         <subfield code="b">tur</subfield>
      </datafield>
      <datafield tag="043" ind1=" " ind2=" ">
         <subfield code="a">mm-----</subfield>
         <subfield code="a">e-gr---</subfield>
         <subfield code="a">a-tu---</subfield>
      </datafield>
      <datafield tag="050" ind1=" " ind2="4">
         <subfield code="a">HE551</subfield>
         <subfield code="b">.H34x 2014</subfield>
      </datafield>
      <datafield tag="072" ind1=" " ind2="7">
         <subfield code="a">DE</subfield>
         <subfield code="2">lcco</subfield>
      </datafield>
      <datafield tag="090" ind1=" " ind2=" ">
         <subfield code="a">HE559.M455</subfield>
         <subfield code="b">H34 2014</subfield>
      </datafield>
      <datafield tag="245" ind1="0" ind2="0">
         <subfield code="a">Häfen und Hafenstädte im östlichen Mittelmeerraum von der Antike bis in byzantinische Zeit :</subfield>
         <subfield code="b">neue Entdeckungen und aktuelle Forschungsansätze : Istanbul, 30.05.-01.06.2011 = Harbors and harbor cities in the Eastern Mediterranean from Antiquity to the Byzantine period : recent discoveries and current approaches /</subfield>
         <subfield code="c">hrsg. von Sabine Ladstätter, Felix Pirson, Thomas Schmidts.</subfield>
      </datafield>
      <datafield tag="246" ind1="3" ind2="1">
         <subfield code="a">Harbors and harbor cities in the Eastern Mediterranean from Antiquity to the Byzantine period :</subfield>
         <subfield code="b">recent discoveries and current approaches</subfield>
      </datafield>
      <datafield tag="260" ind1=" " ind2=" ">
         <subfield code="a">[Istanbul] :</subfield>
         <subfield code="b">Ege Yayinlari,</subfield>
         <subfield code="c">c2014.</subfield>
      </datafield>
      <datafield tag="300" ind1=" " ind2=" ">
         <subfield code="a">2 volumes (xx, 810 pages) :</subfield>
         <subfield code="b">illustrations (chiefly color), maps, plans ;</subfield>
         <subfield code="c">28 cm.</subfield>
      </datafield>
      <datafield tag="490" ind1="1" ind2=" ">
         <subfield code="a">Byzas ;</subfield>
         <subfield code="v">19</subfield>
      </datafield>
      <datafield tag="490" ind1="1" ind2=" ">
         <subfield code="a">Sonderschriften,</subfield>
         <subfield code="x">1012-5728 ;</subfield>
         <subfield code="v">52</subfield>
      </datafield>
      <datafield tag="500" ind1=" " ind2=" ">
         <subfield code="a">International conference proceedings.</subfield>
      </datafield>
      <datafield tag="500" ind1=" " ind2=" ">
         <subfield code="a">Academy publication.</subfield>
      </datafield>
      <datafield tag="504" ind1=" " ind2=" ">
         <subfield code="a">Includes bibliographical references.</subfield>
      </datafield>
      <datafield tag="505" ind1="0" ind2="0">
         <subfield code="g">Bd. 1.</subfield>
         <subfield code="t">Geschichte und Perspektiven der Forschung =</subfield>
         <subfield code="t">History of Research and Perspectives.</subfield>
         <subfield code="t">Karl Lehmann-Hartleben und die Erforschung antiker Häfen /</subfield>
         <subfield code="r">Julia Daum, Nicola Daumann, Sarah Wolfmayr --</subfield>
         <subfield code="t">Ästhetiken der Schwelle : Sieben Aspekte der Morphologie und Topologie von Hafenstädten im nachantiken Mittelmeerraum /</subfield>
         <subfield code="r">Hannah Baader, Gerhard Wolf.</subfield>
         <subfield code="t">Neue Forschungen und Entdeckungen : Die Levante und Ägypten =</subfield>
         <subfield code="t">New Research and Discoveries : The Levant and Egypt.</subfield>
         <subfield code="t">The Herodian Harbour of Caesarea Maritima : Recent Research and Related Studies /</subfield>
         <subfield code="r">Christopher J. Brandon --</subfield>
         <subfield code="t">Heracleion-Thonis and Alexandria, Emporia of Egypt : New Researches and Recent Discoveries /</subfield>
         <subfield code="r">Franck Goddio, David Fabre --</subfield>
         <subfield code="t">Schedia - Zollstation und Flusshafen Alexandrias am Kanopischen Nil /</subfield>
         <subfield code="r">Marianne Bergmann, Michael Heinzelmann --</subfield>
         <subfield code="t">The Harbor of the City of Magdala/Taricheae on the Shores of the Sea of Galilee, from the Hellenistic to the Byzantine Times : New Discoveries and Preliminary Results /</subfield>
         <subfield code="r">Stefano De Luca, Anna Lena --</subfield>
         <subfield code="t">The Harbours of Tel Michal and Apollonia 1750 B.C.-A.D. 1265 /</subfield>
         <subfield code="r">Eva Grossmann.</subfield>
         <subfield code="t">Neue Forschungen und Entdeckungen : Türkei, Südküste =</subfield>
         <subfield code="t">New Research and Discoveries : Turkey, South Coast.</subfield>
         <subfield code="t">Recent Researches and New Discoveries in the Harbours of Seleucia Pieria /</subfield>
         <subfield code="r">Hatice Pamir --</subfield>
         <subfield code="t">Kelenderis'in Limanlan ve Çapalama Yerleri /</subfield>
         <subfield code="r">K. Levent Zoroğlu --</subfield>
         <subfield code="t">Myra'nin Limanı Andriake /</subfield>
         <subfield code="r">Nevzat Çevik, Süleyman Bulut, Çakir Afşin Aygün --</subfield>
         <subfield code="t">The Medieval and Later Port of Myra/Stamira - Taşdibi /</subfield>
         <subfield code="r">T. Mikail P. Duggan - Çakir Afşin Aygün --</subfield>
         <subfield code="t">Der Hafen von Patara : Altes Wissen, neue Forschungen /</subfield>
         <subfield code="r">Hawa Işkan, Mustafa Koçak, mit Beiträgen von Harun Özdaş, Nilhan Kızıldağ, Pascal Brengel, Frederik Berger.</subfield>
      </datafield>
      <datafield tag="505" ind1="8" ind2="0">
         <subfield code="t">Neue Forschungen und Entdeckungen : Türkei, Westküste =</subfield>
         <subfield code="t">New Research and Discoveries : Turkey, West Coast.</subfield>
         <subfield code="t">Klazomenai/Liman Tepe'nin Limanları /</subfield>
         <subfield code="r">Hayat Erkanal --</subfield>
         <subfield code="t">Smyrna : Yeni Keşfedilen Kamu Yapıları ve Alanlar (2007-2010) Çerçevesinde Bir Değerlendirme /</subfield>
         <subfield code="r">Akın Ersoy --</subfield>
         <subfield code="t">Ephesos and its Harbors : A City in Search of its Place /</subfield>
         <subfield code="r">Martin Steskal --</subfield>
         <subfield code="t">Elaia, der (maritime) Satellit Pergamons /</subfield>
         <subfield code="r">Felix Pirson --</subfield>
         <subfield code="t">Häfen der Rhodischen Peraia /</subfield>
         <subfield code="r">Winfried Held.</subfield>
         <subfield code="t">Neue Forschungen und Entdeckungen : Türkei, Marmarameer =</subfield>
         <subfield code="t">New Research and Discoveries : Turkey, Marmara Sea.</subfield>
         <subfield code="t">M.Ö. 7 - M.S. 12 : Yüzyıllar Theodosius Limanı'nin 1900 Yılı /</subfield>
         <subfield code="r">Rahmi Asal, Zeynep Kiziltan --</subfield>
         <subfield code="t">Marmaray Kazıları ve Antik Liman Khrysopolis Liman /</subfield>
         <subfield code="r">Şehrazat Karagöz --</subfield>
         <subfield code="t">Eski Çağlarda Gelibolu Yarımadası'nın Limanları /</subfield>
         <subfield code="r">Reyhan Körpe, Mehmet Fatih Yavuz --</subfield>
         <subfield code="t">Küçükçekmece Lake's Basin Antique Harbours /</subfield>
         <subfield code="r">Şengül Aydıngün, Haldun Aydıngün, Hakan Öniz.</subfield>
         <subfield code="t">Neue Forschungen und Entdeckungen : Griechenland =</subfield>
         <subfield code="t">New Research and Discoveries : Greece.</subfield>
         <subfield code="t">Ancient Harbour Cities : New Methodological Perspectives and Recent Research in Greece /</subfield>
         <subfield code="r">Kalliopi Baika --</subfield>
         <subfield code="t">Recording the Harbour Network of Ancient Lesbos (2008-2009) /</subfield>
         <subfield code="r">Theotokis Theodoulou.</subfield>
      </datafield>
      <datafield tag="505" ind1="8" ind2="0">
         <subfield code="g">Bd. 2.</subfield>
         <subfield code="t">Hafenbauten und Bautechnik =</subfield>
         <subfield code="t">Harbour Installations and Building Techniques.</subfield>
         <subfield code="t">The Evolution of Harbour Engineering in the Ancient Mediterranean World /</subfield>
         <subfield code="r">John Peter Oleson --</subfield>
         <subfield code="t">Ancient Shipsheds /</subfield>
         <subfield code="r">David J. Blackman --</subfield>
         <subfield code="t">Medieval Anatolian Arsenals at Sinop and Alanya /</subfield>
         <subfield code="r">Scott Redford.</subfield>
         <subfield code="t">Wirtschaft und Politik =</subfield>
         <subfield code="t">Economy and Politics/</subfield>
         <subfield code="t">Die Hafenstadt Delos /</subfield>
         <subfield code="r">Mantha Zarmakoupi --</subfield>
         <subfield code="t">Der Einfluss der römischen Administration auf die Entwicklung der Hafenstädte im östlichen Mittelmeerraum /</subfield>
         <subfield code="r">Thomas Schmidts --</subfield>
         <subfield code="t">The Trading Networks of Ancient Rough Cilicia /</subfield>
         <subfield code="r">Caroline Autret, Matthew Dillon, John Lund, Nicholas Rauh, Levent Zoroğlu.</subfield>
         <subfield code="t">Hafenstädte : Städtebau und Wahrnehmung =</subfield>
         <subfield code="t">Harbour Cities : City Planning and Perception.</subfield>
         <subfield code="t">Antike Hafenstädte : Gestaltung, Funktion, Wahrnehmung /</subfield>
         <subfield code="r">Felix Pirson --</subfield>
         <subfield code="t">Caput Ioniae : Zur Untersuchung römischer Hafenfassaden am Beispiel von Milet /</subfield>
         <subfield code="r">Martina Schupp --</subfield>
         <subfield code="t">On the Urbanism of Roman Harbours : the Evolution of Space Organization in Harbours of the Aegean Sea /</subfield>
         <subfield code="r">Catherine Bouras --</subfield>
         <subfield code="t">Torbauten und Bogenmonumente in römischen Hafenstädten /</subfield>
         <subfield code="r">Stefan Feuser.</subfield>
         <subfield code="t">Geowissenschaften und die Erforschung antiker Häfen =</subfield>
         <subfield code="t">Geo-Sciences and the Exploration of Ancient Harbours.</subfield>
         <subfield code="t">Coastal Geoarchaeology and Neocatastrophism : a Dangerous Liaison? /</subfield>
         <subfield code="r">Christophe Morhange [and 5 others] --</subfield>
         <subfield code="t">Geoarchaeology of Alexandria (Egypt): 8,000 Years of Coastal Evolution /</subfield>
         <subfield code="r">Jean-Philippe Goiran [and 5 others] --</subfield>
         <subfield code="t">Ancient Harbours Used as Tsunami Sediment Traps : the Case Study of Krane (Cefalonia Island, Greece) /</subfield>
         <subfield code="r">Andreas Vött [and 9 others] --</subfield>
         <subfield code="t">Der Löwenhafen von Milet : eine geoarchäologische Fallstudie Helmut Brückner [and 4 others].</subfield>
      </datafield>
      <datafield tag="546" ind1=" " ind2=" ">
         <subfield code="a">In English, with twelve contributions in German and seven contributions in Turkish ; includes summaries in English, German and Turkish.</subfield>
      </datafield>
      <datafield tag="650" ind1=" " ind2="0">
         <subfield code="a">Harbors</subfield>
         <subfield code="z">Mediterranean Region</subfield>
         <subfield code="v">Congresses.</subfield>
      </datafield>
      <datafield tag="650" ind1=" " ind2="0">
         <subfield code="a">Harbors</subfield>
         <subfield code="z">Greece</subfield>
         <subfield code="v">Congresses.</subfield>
      </datafield>
      <datafield tag="650" ind1=" " ind2="0">
         <subfield code="a">Harbors</subfield>
         <subfield code="z">Turkey</subfield>
         <subfield code="v">Congresses.</subfield>
      </datafield>
      <datafield tag="651" ind1=" " ind2="0">
         <subfield code="a">Mediterranean Region</subfield>
         <subfield code="x">Antiquities</subfield>
         <subfield code="v">Congresses.</subfield>
      </datafield>
      <datafield tag="651" ind1=" " ind2="0">
         <subfield code="a">Mediterranean Region</subfield>
         <subfield code="x">Commerce</subfield>
         <subfield code="x">History</subfield>
         <subfield code="v">Congresses.</subfield>
      </datafield>
      <datafield tag="650" ind1=" " ind2="0">
         <subfield code="a">Excavations (Archaeology)</subfield>
         <subfield code="z">Mediterranean Region</subfield>
         <subfield code="v">Congresses.</subfield>
      </datafield>
      <datafield tag="650" ind1=" " ind2="7">
         <subfield code="a">Harbors.</subfield>
         <subfield code="2">fast</subfield>
         <subfield code="0">(OCoLC)fst00951219</subfield>
      </datafield>
      <datafield tag="651" ind1=" " ind2="7">
         <subfield code="a">Mediterranean Region.</subfield>
         <subfield code="2">fast</subfield>
         <subfield code="0">(OCoLC)fst01239752</subfield>
      </datafield>
      <datafield tag="700" ind1="1" ind2=" ">
         <subfield code="a">Ladstätter, Sabine,</subfield>
         <subfield code="e">editor.</subfield>
      </datafield>
      <datafield tag="700" ind1="1" ind2=" ">
         <subfield code="a">Pirson, Felix,</subfield>
         <subfield code="e">editor.</subfield>
      </datafield>
      <datafield tag="700" ind1="1" ind2=" ">
         <subfield code="a">Schmidts, Thomas,</subfield>
         <subfield code="d">1965-</subfield>
         <subfield code="e">editor.</subfield>
      </datafield>
      <datafield tag="830" ind1=" " ind2="0">
         <subfield code="a">Byzas ;</subfield>
         <subfield code="v">19.</subfield>
      </datafield>
      <datafield tag="830" ind1=" " ind2="0">
         <subfield code="a">Sonderschriften (Österreichisches Archäologisches Institut (Vienna, Austria)) ;</subfield>
         <subfield code="v">52.</subfield>
         <subfield code="x">1012-5728</subfield>
      </datafield>
      <datafield tag="994" ind1=" " ind2=" ">
         <subfield code="a">Z0</subfield>
         <subfield code="b">ZYU</subfield>
      </datafield>
      <datafield tag="OWN" ind1=" " ind2=" ">
         <subfield code="a">GENERAL</subfield>
      </datafield>
      <datafield tag="AVA" ind1=" " ind2=" ">
         <subfield code="a">NYU50</subfield>
         <subfield code="b">NISAW</subfield>
         <subfield code="c">Large Collection</subfield>
         <subfield code="d">HE559.M455 H34 2014</subfield>
         <subfield code="e">available</subfield>
         <subfield code="t">Available</subfield>
         <subfield code="f">2</subfield>
         <subfield code="g">0</subfield>
         <subfield code="h">Y</subfield>
         <subfield code="i">0</subfield>
         <subfield code="j">LARGE</subfield>
         <subfield code="k">0</subfield>
      </datafield>
      <marc:datafield tag="852" ind1=" " ind2=" ">
         <marc:subfield code="b">Institute for the Study of the Ancient World, </marc:subfield>
         <marc:subfield code="c">Large Collection</marc:subfield>
         <marc:subfield code="e">15 East 84th St., </marc:subfield>
         <marc:subfield code="e">New York, NY  10028</marc:subfield>
      </marc:datafield>
   </record>