
  
  
  
  
  
  
  
 
  
  <record xsi:schemaLocation="http://www.loc.gov/MARC21/slim http://www.loc.gov/standards/marcxml/schema/MARC21slim.xsd">
      <leader>00000nrm a22      a 4500</leader>
      <controlfield tag="FMT">VM</controlfield>
      <controlfield tag="LDR">00000nrm a22      a 4500</controlfield>
      <controlfield tag="001">004189132</controlfield>
      <controlfield tag="005">20150921132643.0</controlfield>
      <controlfield tag="008">150921r20122007gw nnn            gneng d</controlfield>
      <datafield tag="040" ind1=" " ind2=" ">
         <subfield code="a">NNU</subfield>
         <subfield code="b">eng</subfield>
         <subfield code="c">NNU</subfield>
      </datafield>
      <datafield tag="041" ind1=" " ind2=" ">
         <subfield code="a">eng</subfield>
         <subfield code="a">ger</subfield>
      </datafield>
      <datafield tag="050" ind1=" " ind2="4">
         <subfield code="a">CC100</subfield>
         <subfield code="b">.P75 2012</subfield>
      </datafield>
      <datafield tag="100" ind1="1" ind2=" ">
         <subfield code="a">Prinz, Peter,</subfield>
         <subfield code="d">1969-</subfield>
      </datafield>
      <datafield tag="240" ind1="1" ind2="0">
         <subfield code="a">Jenseits von Theben.</subfield>
         <subfield code="l">English and German.</subfield>
      </datafield>
      <datafield tag="245" ind1="1" ind2="4">
         <subfield code="a">Thebes</subfield>
         <subfield code="h">[game] /</subfield>
         <subfield code="c">Peter Prinz.</subfield>
      </datafield>
      <datafield tag="260" ind1=" " ind2=" ">
         <subfield code="a">Troisdorf, Germany :</subfield>
         <subfield code="b">Queen Games,</subfield>
         <subfield code="c">©2007, ©2012.</subfield>
      </datafield>
      <datafield tag="300" ind1=" " ind2=" ">
         <subfield code="a">1 game (1 game board, 1 game manual (8, 8 pages), various game pieces (see note below) :</subfield>
         <subfield code="b">cardboard, paper, wood, cloth, color illustrations ;</subfield>
         <subfield code="c">in box, 30 x 30 x 8 cm</subfield>
      </datafield>
      <datafield tag="500" ind1=" " ind2=" ">
         <subfield code="a">Translation of: Jenseits von Theben.</subfield>
      </datafield>
      <datafield tag="500" ind1=" " ind2=" ">
         <subfield code="a">2-4 players, ages 8 and up, play time approximately 60 minutes.</subfield>
      </datafield>
      <datafield tag="500" ind1=" " ind2=" ">
         <subfield code="a">Title and statement of responsibility from container.</subfield>
      </datafield>
      <datafield tag="500" ind1=" " ind2=" ">
         <subfield code="a">Text of game manual in German and English, bound back-to-back and inverted.</subfield>
      </datafield>
      <datafield tag="505" ind1="0" ind2=" ">
         <subfield code="a">Game pieces: 4 wooden archaeologist figures, 4 wooden time markers, 1 wooden year marker, 85 researcher cards, 10 exhibit cards, 5 summary cards, 4 time wheels, 20 excavation permissions tokens, 155 excavation tokens, 5 cloth bags.</subfield>
      </datafield>
      <datafield tag="520" ind1=" " ind2=" ">
         <subfield code="a">"The players acquire knowledge and other kinds of support in their travels, which they will use when they travel to excavation sites. Players earn victory points for finding artifacts and hosting exhibitions, but need skillful tactics and a little luck to find true success"--container.</subfield>
      </datafield>
      <datafield tag="546" ind1=" " ind2=" ">
         <subfield code="a">Instructions in German and English; summary on box also in French, Dutch, and Spanish.</subfield>
      </datafield>
      <datafield tag="650" ind1=" " ind2="0">
         <subfield code="a">Board games</subfield>
         <subfield code="v">Specimens.</subfield>
      </datafield>
      <datafield tag="650" ind1=" " ind2="0">
         <subfield code="a">Archaeology</subfield>
         <subfield code="x">History</subfield>
         <subfield code="y">20th century.</subfield>
      </datafield>
      <datafield tag="OWN" ind1=" " ind2=" ">
         <subfield code="a">GENERAL</subfield>
      </datafield>
      <datafield tag="AVA" ind1=" " ind2=" ">
         <subfield code="a">NYU50</subfield>
         <subfield code="b">NISAW</subfield>
         <subfield code="c">Reference 3 Collection</subfield>
         <subfield code="d">MEDIA 1502</subfield>
         <subfield code="e">available</subfield>
         <subfield code="t">Available</subfield>
         <subfield code="f">1</subfield>
         <subfield code="g">0</subfield>
         <subfield code="h">N</subfield>
         <subfield code="i">0</subfield>
         <subfield code="j">REF3</subfield>
         <subfield code="k">4</subfield>
      </datafield>
      <marc:datafield tag="852" ind1=" " ind2=" ">
         <marc:subfield code="b">Institute for the Study of the Ancient World, </marc:subfield>
         <marc:subfield code="c">Reference 3 Collection</marc:subfield>
         <marc:subfield code="e">15 East 84th St., </marc:subfield>
         <marc:subfield code="e">New York, NY  10028</marc:subfield>
      </marc:datafield>
   </record>