
  
  
  
  
  
 
  
  <record xsi:schemaLocation="http://www.loc.gov/MARC21/slim http://www.loc.gov/standards/marcxml/schema/MARC21slim.xsd">
      <leader>00000cam  2200709 a 4500</leader>
      <controlfield tag="FMT">BK</controlfield>
      <controlfield tag="LDR">00000cam  2200709 a 4500</controlfield>
      <controlfield tag="001">004189144</controlfield>
      <controlfield tag="003">OCoLC</controlfield>
      <controlfield tag="005">20150921152125.0</controlfield>
      <controlfield tag="008">150921s2005    be a     b    100 0 eng d</controlfield>
      <datafield tag="010" ind1=" " ind2=" ">
         <subfield code="a">2007370238</subfield>
      </datafield>
      <datafield tag="020" ind1=" " ind2=" ">
         <subfield code="a">2503516467 (hd. bd.)</subfield>
      </datafield>
      <datafield tag="020" ind1=" " ind2=" ">
         <subfield code="a">9782503516462 (hd. bd.)</subfield>
      </datafield>
      <datafield tag="035" ind1=" " ind2=" ">
         <subfield code="a">(OCoLC)60846398</subfield>
         <subfield code="z">(OCoLC)144522954</subfield>
      </datafield>
      <datafield tag="040" ind1=" " ind2=" ">
         <subfield code="a">OHX</subfield>
         <subfield code="b">eng</subfield>
         <subfield code="c">OHX</subfield>
         <subfield code="d">TZT</subfield>
         <subfield code="d">EMT</subfield>
         <subfield code="d">BAKER</subfield>
         <subfield code="d">LVB</subfield>
         <subfield code="d">YDXCP</subfield>
         <subfield code="d">XII</subfield>
         <subfield code="d">BTCTA</subfield>
         <subfield code="d">DLC</subfield>
         <subfield code="d">NLGGC</subfield>
         <subfield code="d">OCLCQ</subfield>
         <subfield code="d">OCLCF</subfield>
         <subfield code="d">OCLCO</subfield>
         <subfield code="d">OCL</subfield>
         <subfield code="d">NNU</subfield>
      </datafield>
      <datafield tag="041" ind1="0" ind2=" ">
         <subfield code="a">eng</subfield>
         <subfield code="a">ger</subfield>
         <subfield code="a">fre</subfield>
         <subfield code="a">ita</subfield>
      </datafield>
      <datafield tag="050" ind1="0" ind2="0">
         <subfield code="a">BT1410</subfield>
         <subfield code="b">.I58 2001</subfield>
      </datafield>
      <datafield tag="072" ind1=" " ind2="7">
         <subfield code="a">BT</subfield>
         <subfield code="2">lcco</subfield>
      </datafield>
      <datafield tag="082" ind1="1" ind2="4">
         <subfield code="a">230</subfield>
         <subfield code="2">1</subfield>
      </datafield>
      <datafield tag="084" ind1=" " ind2=" ">
         <subfield code="a">11.51</subfield>
         <subfield code="2">bcl</subfield>
      </datafield>
      <datafield tag="111" ind1="2" ind2=" ">
         <subfield code="a">International Conference on Manichaeism</subfield>
         <subfield code="n">(5th :</subfield>
         <subfield code="d">2001 :</subfield>
         <subfield code="c">Naples, Italy)</subfield>
      </datafield>
      <datafield tag="245" ind1="1" ind2="3">
         <subfield code="a">Il manicheismo :</subfield>
         <subfield code="b">nuove prospettive della ricerca : Quinto Congresso internazionale di studi sul Manicheismo, atti : Dipartimento di studi asiatici, Università degli studi di Napoli "L'Orientale", Napoli, 2-8 settembre 2001 /</subfield>
         <subfield code="c">a cura di Aloïs van Tongerloo in collaborazione con Luigi Cirillo.</subfield>
      </datafield>
      <datafield tag="246" ind1="1" ind2="5">
         <subfield code="a">New perspectives in Manichaean research</subfield>
      </datafield>
      <datafield tag="260" ind1=" " ind2=" ">
         <subfield code="a">Turnhout :</subfield>
         <subfield code="b">Brepols,</subfield>
         <subfield code="c">2005.</subfield>
      </datafield>
      <datafield tag="300" ind1=" " ind2=" ">
         <subfield code="a">xix, 439 pages :</subfield>
         <subfield code="b">illustrations (some color) ;</subfield>
         <subfield code="c">25 cm.</subfield>
      </datafield>
      <datafield tag="336" ind1=" " ind2=" ">
         <subfield code="a">text</subfield>
         <subfield code="b">txt</subfield>
         <subfield code="2">rdacontent</subfield>
      </datafield>
      <datafield tag="337" ind1=" " ind2=" ">
         <subfield code="a">unmediated</subfield>
         <subfield code="b">n</subfield>
         <subfield code="2">rdamedia</subfield>
      </datafield>
      <datafield tag="338" ind1=" " ind2=" ">
         <subfield code="a">volume</subfield>
         <subfield code="b">nc</subfield>
         <subfield code="2">rdacarrier</subfield>
      </datafield>
      <datafield tag="490" ind1="1" ind2=" ">
         <subfield code="a">Manichaean studies ;</subfield>
         <subfield code="v">5</subfield>
      </datafield>
      <datafield tag="500" ind1=" " ind2=" ">
         <subfield code="a">International conference proceedings.</subfield>
      </datafield>
      <datafield tag="505" ind1="0" ind2="0">
         <subfield code="t"/>
         <subfield code="t">The Progress of Research since the Foundation of the IAMS (1989) /</subfield>
         <subfield code="r">Kurt Rudolph --</subfield>
         <subfield code="t">The Leap of the Soul in Manichaeism /</subfield>
         <subfield code="r">J.D. BeDuhn --</subfield>
         <subfield code="t">Zur Geltung von Freiheit oder Unfreiheit des Willens (Augustinus, Contra Felelicem II) /</subfield>
         <subfield code="r">M. Bierbaums --</subfield>
         <subfield code="t">New Light on the Sources of the Manichaean Chapter in the Fihrist /</subfield>
         <subfield code="r">F. de Blois --</subfield>
         <subfield code="t">From the Elchasaite Christology to the Manichaean Apostle of Light /</subfield>
         <subfield code="r">L. Cirillo --</subfield>
         <subfield code="t">Titles of Kings and Gods in Iranian Manichaean Texts /</subfield>
         <subfield code="r">I. Colditz --</subfield>
         <subfield code="t">Lehr- und Lernbeziehungen zwischen diversen Ostaramäern, westlichen Magiern und frühen Manichäern als dialektisch-historischer Prozess /</subfield>
         <subfield code="r">C. Colpe --</subfield>
         <subfield code="t">En marge du manuscrit manichéen africain de Tébessa /</subfield>
         <subfield code="r">F. Decret --</subfield>
         <subfield code="t">Die griechischen Entlehnungen in den koptischen manichäischen Texten /</subfield>
         <subfield code="r">S. Demaria -- The Syriac-Coptic Bilinguals from Ismant al-Kharab /</subfield>
         <subfield code="r">M. Franzmann --</subfield>
         <subfield code="t">Some comments on Mani and Indian religions according to the Coptic Kephalaia /</subfield>
         <subfield code="r">I. Gardner --</subfield>
         <subfield code="t">Mani, Šābuhr e l'ora di Palmyra /</subfield>
         <subfield code="r">G. Gnoli --</subfield>
         <subfield code="t">Mani's "Picture Box"? A Study of a Chagatai Textual Reference and its Supposed Pictorial Analogy from the British Library /</subfield>
         <subfield code="r">Zs. Gulácsi --</subfield>
         <subfield code="t">Theodore bar Kônî and the Manichaeans /</subfield>
         <subfield code="r">E. Hunter --</subfield>
         <subfield code="t">The Significance of Manichaeism in the History of Esotericism /</subfield>
         <subfield code="r">J. Iwersen --</subfield>
         <subfield code="t">What did Augustine Really Know about Manichaean Cosmogony /</subfield>
         <subfield code="r">K. Kaatz --</subfield>
         <subfield code="t">Zu einem manichäischen (?) Gebet /</subfield>
         <subfield code="r">A. Khosroyev --</subfield>
         <subfield code="t">The Epic Buddhacarita by Aśvaghoṣa and its Significance for the “Life of Mani” /</subfield>
         <subfield code="r">W. Klein --</subfield>
         <subfield code="t">Der Stand der Arbeiten an der Arbietsstelle für Manichäismusforschung in Münster /</subfield>
         <subfield code="r">W. Krause --</subfield>
         <subfield code="t">Manichaean technici termini in the Liber scholiorum of Theorore bar Konai /</subfield>
         <subfield code="r">S.N.C. Lieu --</subfield>
         <subfield code="t">Notes on the Title of the Dunhuang Manichaen Hymnscroll /</subfield>
         <subfield code="r">Lin Wushu --</subfield>
      </datafield>
      <datafield tag="505" ind1="8" ind2="0">
         <subfield code="t">Shared Features in the Terminology of Chinese Nestorian and Manichaean texts /</subfield>
         <subfield code="r">G. Mikkelsen --</subfield>
         <subfield code="t">A Manichaean oratio dominicana /</subfield>
         <subfield code="r">E. Morano --</subfield>
         <subfield code="t">Plotinus and the Jewish Gnōstikoi /</subfield>
         <subfield code="r">G. Quispel --</subfield>
         <subfield code="t">The Tribulations of Human Existence : A Sogdian Fragment Corresponding to a Passage of Burzōy's Preface to Kalīlah wa Dimnah /</subfield>
         <subfield code="r">C. Reck --</subfield>
         <subfield code="t">Arbeiten am koptisch-manichäischen Psalmenbuch, Teil 1 : ein Zwischenbericht /</subfield>
         <subfield code="r">S. Richter --</subfield>
         <subfield code="t">La conversion de saint Augustin du manichéisme au catholicisme : controverses anciennes et positions récentes /</subfield>
         <subfield code="r">J. Reis --</subfield>
         <subfield code="t">Was the Ārdhang Mani's Picture-book? /</subfield>
         <subfield code="r">W.Sundermann --</subfield>
         <subfield code="t">The Buddha's First Encounter in a Manichaean Old Turkic Text /</subfield>
         <subfield code="r">A. van Tongerloo --</subfield>
         <subfield code="t">Die Thomas-Psalmen und der Mani-Jünger Thomas /</subfield>
         <subfield code="r">J. Tubach.</subfield>
      </datafield>
      <datafield tag="546" ind1=" " ind2=" ">
         <subfield code="a">Twenty contributions in English, 7 in German, and 2 in French; title page in Italian.</subfield>
      </datafield>
      <datafield tag="504" ind1=" " ind2=" ">
         <subfield code="a">Includes bibliographical references.</subfield>
      </datafield>
      <datafield tag="650" ind1=" " ind2="0">
         <subfield code="a">Manichaeism</subfield>
         <subfield code="v">Congresses.</subfield>
      </datafield>
      <datafield tag="650" ind1=" " ind2="0">
         <subfield code="a">Manichaeism</subfield>
         <subfield code="x">Relations</subfield>
         <subfield code="v">Congresses.</subfield>
      </datafield>
      <datafield tag="650" ind1=" " ind2="0">
         <subfield code="a">Christianity and other religions</subfield>
         <subfield code="x">Manichaeism</subfield>
         <subfield code="v">Congresses.</subfield>
      </datafield>
      <datafield tag="650" ind1=" " ind2="0">
         <subfield code="a">Manichaeism</subfield>
         <subfield code="x">Relations</subfield>
         <subfield code="x">Christianity</subfield>
         <subfield code="v">Congresses.</subfield>
      </datafield>
      <datafield tag="650" ind1=" " ind2="7">
         <subfield code="a">Christianity.</subfield>
         <subfield code="2">fast</subfield>
         <subfield code="0">(OCoLC)fst00859599</subfield>
      </datafield>
      <datafield tag="650" ind1=" " ind2="7">
         <subfield code="a">Interfaith relations.</subfield>
         <subfield code="2">fast</subfield>
         <subfield code="0">(OCoLC)fst01353343</subfield>
      </datafield>
      <datafield tag="650" ind1=" " ind2="7">
         <subfield code="a">Manichaeism.</subfield>
         <subfield code="2">fast</subfield>
         <subfield code="0">(OCoLC)fst01007716</subfield>
      </datafield>
      <datafield tag="655" ind1=" " ind2="7">
         <subfield code="a">Conference papers and proceedings.</subfield>
         <subfield code="2">fast</subfield>
         <subfield code="0">(OCoLC)fst01423772</subfield>
      </datafield>
      <datafield tag="700" ind1="1" ind2=" ">
         <subfield code="a">Tongerloo, Alois van.</subfield>
      </datafield>
      <datafield tag="700" ind1="1" ind2=" ">
         <subfield code="a">Cirillo, Luigi.</subfield>
      </datafield>
      <datafield tag="830" ind1=" " ind2="0">
         <subfield code="a">Manichaean studies ;</subfield>
         <subfield code="v">5.</subfield>
      </datafield>
      <datafield tag="994" ind1=" " ind2=" ">
         <subfield code="a">Z0</subfield>
         <subfield code="b">ZYU</subfield>
      </datafield>
      <datafield tag="OWN" ind1=" " ind2=" ">
         <subfield code="a">GENERAL</subfield>
      </datafield>
      <datafield tag="AVA" ind1=" " ind2=" ">
         <subfield code="a">NYU50</subfield>
         <subfield code="b">NISAW</subfield>
         <subfield code="c">Small Collection</subfield>
         <subfield code="d">BT1410 .I58 2001</subfield>
         <subfield code="e">available</subfield>
         <subfield code="t">Available</subfield>
         <subfield code="f">1</subfield>
         <subfield code="g">0</subfield>
         <subfield code="h">N</subfield>
         <subfield code="i">0</subfield>
         <subfield code="j">SMALL</subfield>
         <subfield code="k">0</subfield>
      </datafield>
      <marc:datafield tag="852" ind1=" " ind2=" ">
         <marc:subfield code="b">Institute for the Study of the Ancient World, </marc:subfield>
         <marc:subfield code="c">Small Collection</marc:subfield>
         <marc:subfield code="e">15 East 84th St., </marc:subfield>
         <marc:subfield code="e">New York, NY  10028</marc:subfield>
      </marc:datafield>
   </record>