
  
  
  
  
  
  
 
  
  <record xsi:schemaLocation="http://www.loc.gov/MARC21/slim http://www.loc.gov/standards/marcxml/schema/MARC21slim.xsd">
      <leader>00000cam  2200805 i 4500</leader>
      <controlfield tag="FMT">BK</controlfield>
      <controlfield tag="LDR">00000cam  2200805 i 4500</controlfield>
      <controlfield tag="001">004189153</controlfield>
      <controlfield tag="003">OCoLC</controlfield>
      <controlfield tag="005">20150921154826.0</controlfield>
      <controlfield tag="008">150921s2014    fr ab    b    100 0 fre d</controlfield>
      <datafield tag="010" ind1=" " ind2=" ">
         <subfield code="a">2014457853</subfield>
      </datafield>
      <datafield tag="020" ind1=" " ind2=" ">
         <subfield code="a">9782701803531</subfield>
      </datafield>
      <datafield tag="020" ind1=" " ind2=" ">
         <subfield code="a">2701803535</subfield>
      </datafield>
      <datafield tag="035" ind1=" " ind2=" ">
         <subfield code="a">(OCoLC)889858112</subfield>
      </datafield>
      <datafield tag="040" ind1=" " ind2=" ">
         <subfield code="a">ERASP</subfield>
         <subfield code="b">eng</subfield>
         <subfield code="e">rda</subfield>
         <subfield code="c">ERASP</subfield>
         <subfield code="d">DLC</subfield>
         <subfield code="d">AUXAM</subfield>
         <subfield code="d">HLS</subfield>
         <subfield code="d">CUY</subfield>
         <subfield code="d">C3L</subfield>
         <subfield code="d">CHVBK</subfield>
         <subfield code="d">OCLCF</subfield>
         <subfield code="d">NNU</subfield>
      </datafield>
      <datafield tag="041" ind1="0" ind2=" ">
         <subfield code="a">fre</subfield>
         <subfield code="a">eng</subfield>
      </datafield>
      <datafield tag="042" ind1=" " ind2=" ">
         <subfield code="a">lccopycat</subfield>
      </datafield>
      <datafield tag="043" ind1=" " ind2=" ">
         <subfield code="a">aw-----</subfield>
      </datafield>
      <datafield tag="050" ind1="0" ind2="0">
         <subfield code="a">DS56</subfield>
         <subfield code="b">.P76 2014</subfield>
      </datafield>
      <datafield tag="082" ind1="0" ind2="4">
         <subfield code="a">932-933</subfield>
      </datafield>
      <datafield tag="090" ind1=" " ind2=" ">
         <subfield code="a">HD9999.L853</subfield>
         <subfield code="b">M6287 2014</subfield>
      </datafield>
      <datafield tag="245" ind1="0" ind2="4">
         <subfield code="a">Les produits de luxe au Proche-Orient ancien, aux âges du Bronze et du Fer /</subfield>
         <subfield code="c">sous la direction de Michèle Casanova et Marian Feldman.</subfield>
      </datafield>
      <datafield tag="264" ind1=" " ind2="1">
         <subfield code="a">Paris :</subfield>
         <subfield code="b">Éditions de Boccard,</subfield>
         <subfield code="c">2014.</subfield>
      </datafield>
      <datafield tag="300" ind1=" " ind2=" ">
         <subfield code="a">234 pages :</subfield>
         <subfield code="b">illustrations, maps ;</subfield>
         <subfield code="c">24 cm.</subfield>
      </datafield>
      <datafield tag="336" ind1=" " ind2=" ">
         <subfield code="a">text</subfield>
         <subfield code="b">txt</subfield>
         <subfield code="2">rdacontent</subfield>
      </datafield>
      <datafield tag="337" ind1=" " ind2=" ">
         <subfield code="a">unmediated</subfield>
         <subfield code="b">n</subfield>
         <subfield code="2">rdamedia</subfield>
      </datafield>
      <datafield tag="338" ind1=" " ind2=" ">
         <subfield code="a">volume</subfield>
         <subfield code="b">nc</subfield>
         <subfield code="2">rdacarrier</subfield>
      </datafield>
      <datafield tag="490" ind1="1" ind2=" ">
         <subfield code="a">Travaux de la Maison de l'archéologie et de l'ethnologie René-Ginouvès ;</subfield>
         <subfield code="v">19</subfield>
      </datafield>
      <datafield tag="500" ind1=" " ind2=" ">
         <subfield code="a">Proceedings of 2 conferences held in Berkeley, California, and in Nanterre and at the Musée d'archéologie nationale, Château de Saint-Germain-en-Laye, France, in 2008.</subfield>
      </datafield>
      <datafield tag="504" ind1=" " ind2=" ">
         <subfield code="a">Includes bibliographical references.</subfield>
      </datafield>
      <datafield tag="505" ind1="0" ind2="0">
         <subfield code="g">Introduction /</subfield>
         <subfield code="r">Michèle Casanova et Marian Feldman.</subfield>
         <subfield code="t">Les matériaux : le contrôle des ressources et du savoir technique.</subfield>
         <subfield code="t">Vesuvianite-Grossular or Harappan “Jade” /</subfield>
         <subfield code="r">Randall Law et Khalid Mahmood --</subfield>
         <subfield code="t">Luxuries of Precious Materials, The Royal Cemetery of Ur (Iraq) and the Lapis Lazuli, Witnesses of Intercultural Relations in the Near East /</subfield>
         <subfield code="r">Michèle Casanova --</subfield>
         <subfield code="t">Les “parfums” à l’âge du Bronze en Méditerranée orientale, luxe ou nécessité ? Regards croisés sur les problématiques d’identification et d’utilisation /</subfield>
         <subfield code="r">Elisabeth Dodinet --</subfield>
         <subfield code="t">Premières observations sur les parures en cornaline d’Aspa Hiz, Azerbaïdjan (Collection de Morgan, Musée d’Archéologie Nationale, département d’archéologie comparée, Saint-Germain-en-Laye) /</subfield>
         <subfield code="r">François Debrabant.</subfield>
         <subfield code="t">Les échanges à moyenne et à longue distance.</subfield>
         <subfield code="t">Trade in Metals in Iran and the Neighboring Areas, a Reflection based on Results of the Excavations at Arisman (Iran) /</subfield>
         <subfield code="r">Barbara Helwing --</subfield>
         <subfield code="t">Vases pré- et protodynastiques égyptiens en pierre : réflexions sur l’étude des contextes d’utilisation et d’échange /</subfield>
         <subfield code="r">Christine Lorre --</subfield>
         <subfield code="t">Les vases de prestige en pierre tendre au Proche-Orient ancien, IVe-IIe millénaires av. J.-C., typologie, fonction, fabrication, circulation /</subfield>
         <subfield code="r">Michèle Casanova --</subfield>
         <subfield code="t">Les armes en métaux précieux au Proche-Orient (3500-1750 av. J.-C.) : approche archéologique /</subfield>
         <subfield code="r">Guillaume Gernez --</subfield>
         <subfield code="t">Theoretical Aspects of Bronze Age Exchange: Values and Prices /</subfield>
         <subfield code="r">David A. Warburton --</subfield>
         <subfield code="t">Phoenician Imports to Tell en-Nasbeh: Interregional Trade in the Iron IIB-IIC Southern Levant /</subfield>
         <subfield code="r">Aaron Brody.</subfield>
      </datafield>
      <datafield tag="505" ind1="8" ind2="0">
         <subfield code="t">Matériaux et produits précieux dans l’univers littéraire.</subfield>
         <subfield code="t">Matériaux et produits précieux dans l’univers littéraire : symbole, poésie, mythologie : Les inscriptions cunéiformes sur objets en pierre fine /</subfield>
         <subfield code="r">Philippe Abrahami --</subfield>
         <subfield code="t">Manifestation du prestige dans les pratiques funéraires : Le mort, cet “objet précieux” /</subfield>
         <subfield code="r">Catherine Lazzarini --</subfield>
         <subfield code="t">Les sceaux du Proche-Orient ancien, un produit de luxe? /</subfield>
         <subfield code="r">Julie Patrier --</subfield>
         <subfield code="t">So Work the Honeybees /</subfield>
         <subfield code="r">Alice Petty.</subfield>
         <subfield code="t">L’iconographie : moyen de construction et de différenciation des groupes identitaires.</subfield>
         <subfield code="t">L’image en tant que produit de luxe en Mésopotamie : réflexions sur le statut somptuaire, les échanges et la notion de patrimoine en matière d’iconographie /</subfield>
         <subfield code="r">Aurélien Le Maillot --</subfield>
         <subfield code="t">La Syrie du Nord, une plaque tournante dans les échanges en bijouterie d’or entre Troie et Sumer /</subfield>
         <subfield code="r">Emmanuelle René-Hubert --</subfield>
         <subfield code="t">Héritage et évolution du “style international” dans les coupes “phéniciennes” en metal /</subfield>
         <subfield code="r">Francesca Onnis --</subfield>
         <subfield code="t">The Use of Egyptian and Egyptianizing Material Culture in Classic Kerma Burials: Winged Sun Disc /</subfield>
         <subfield code="r">Elizabeth Minor.</subfield>
      </datafield>
      <datafield tag="546" ind1=" " ind2=" ">
         <subfield code="a">Contributions in French or English.</subfield>
      </datafield>
      <datafield tag="520" ind1=" " ind2=" ">
         <subfield code="a">"Les objets de prestige occupent une place de premier plan dans l'histoire des civilisations. Michèle Casanova (Université de Lyon 2) et Marian Feldman (John Hopkins University) ont rassemblé dix-huit articles sur le thème des produits de luxe au Proche-Orient ancien, aux âges du Bronze et du Fer. Les articles abordent la production, la circulation, l'iconographie, les valeurs commerciales et symboliques des objets de luxe au Proche-Orient, en Égypte et en Méditerranée orientale, avec pour but de formuler des interprétations nouvelles concernant les échanges à moyenne et longue distance entre les sociétés du Proche-Orient ancien. Plusieurs de ces contributions traitent de cas spécifiques (lapis-lazuli, cornaline, jade, albâtre, calcite, chlorite, basalte, cuivre, bronze, or, argent, parfums) pour reconsidérer les mécanismes d'échange et certaines d'entre elles présentent les résultats d'analyses de matériaux. Le champ couvert s'étend de la civilisation de l'Indus au royaume de Kerma au Soudan. Plusieurs auteurs s'intéressent à l'iconographie en tant que moyen de construction et de différenciation des groupes identitaires en Mésopotamie, en Syrie, au Levant et en Nubie. Dans ces régions, où les objets de luxe étaient souvent dotés de fortes fonctions théologiques et surnaturelles, on assista aussi à l'émergence de la valeur marchande et des prix à l'âge du Bronze"--Back cover.</subfield>
      </datafield>
      <datafield tag="650" ind1=" " ind2="0">
         <subfield code="a">Luxuries</subfield>
         <subfield code="z">Middle East</subfield>
         <subfield code="x">History</subfield>
         <subfield code="v">Congresses.</subfield>
      </datafield>
      <datafield tag="650" ind1=" " ind2="0">
         <subfield code="a">Luxury goods industry</subfield>
         <subfield code="z">Middle East</subfield>
         <subfield code="x">History</subfield>
         <subfield code="v">Congresses.</subfield>
      </datafield>
      <datafield tag="650" ind1=" " ind2="0">
         <subfield code="a">Material culture</subfield>
         <subfield code="z">Middle East</subfield>
         <subfield code="x">History</subfield>
         <subfield code="v">Congresses.</subfield>
      </datafield>
      <datafield tag="650" ind1=" " ind2="0">
         <subfield code="a">Bronze age</subfield>
         <subfield code="z">Middle East</subfield>
         <subfield code="v">Congresses.</subfield>
      </datafield>
      <datafield tag="650" ind1=" " ind2="0">
         <subfield code="a">Iron age</subfield>
         <subfield code="z">Middle East</subfield>
         <subfield code="v">Congresses.</subfield>
      </datafield>
      <datafield tag="651" ind1=" " ind2="0">
         <subfield code="a">Middle East</subfield>
         <subfield code="x">Antiquities</subfield>
         <subfield code="v">Congresses.</subfield>
      </datafield>
      <datafield tag="651" ind1=" " ind2="0">
         <subfield code="a">Middle East</subfield>
         <subfield code="x">Commerce</subfield>
         <subfield code="x">History</subfield>
         <subfield code="v">Congresses.</subfield>
      </datafield>
      <datafield tag="651" ind1=" " ind2="0">
         <subfield code="a">Middle East</subfield>
         <subfield code="x">Civilization</subfield>
         <subfield code="y">To 622</subfield>
         <subfield code="v">Congresses.</subfield>
      </datafield>
      <datafield tag="650" ind1=" " ind2="7">
         <subfield code="a">Antiquities.</subfield>
         <subfield code="2">fast</subfield>
         <subfield code="0">(OCoLC)fst00810745</subfield>
      </datafield>
      <datafield tag="650" ind1=" " ind2="7">
         <subfield code="a">Bronze age.</subfield>
         <subfield code="2">fast</subfield>
         <subfield code="0">(OCoLC)fst00839439</subfield>
      </datafield>
      <datafield tag="650" ind1=" " ind2="7">
         <subfield code="a">Civilization.</subfield>
         <subfield code="2">fast</subfield>
         <subfield code="0">(OCoLC)fst00862898</subfield>
      </datafield>
      <datafield tag="650" ind1=" " ind2="7">
         <subfield code="a">Iron age.</subfield>
         <subfield code="2">fast</subfield>
         <subfield code="0">(OCoLC)fst00979145</subfield>
      </datafield>
      <datafield tag="650" ind1=" " ind2="7">
         <subfield code="a">Luxuries.</subfield>
         <subfield code="2">fast</subfield>
         <subfield code="0">(OCoLC)fst01004138</subfield>
      </datafield>
      <datafield tag="650" ind1=" " ind2="7">
         <subfield code="a">Luxury goods industry.</subfield>
         <subfield code="2">fast</subfield>
         <subfield code="0">(OCoLC)fst01202059</subfield>
      </datafield>
      <datafield tag="650" ind1=" " ind2="7">
         <subfield code="a">Material culture.</subfield>
         <subfield code="2">fast</subfield>
         <subfield code="0">(OCoLC)fst01011739</subfield>
      </datafield>
      <datafield tag="651" ind1=" " ind2="7">
         <subfield code="a">Middle East.</subfield>
         <subfield code="2">fast</subfield>
         <subfield code="0">(OCoLC)fst01241586</subfield>
      </datafield>
      <datafield tag="648" ind1=" " ind2="7">
         <subfield code="a">To 622</subfield>
         <subfield code="2">fast</subfield>
      </datafield>
      <datafield tag="655" ind1=" " ind2="7">
         <subfield code="a">Conference proceedings.</subfield>
         <subfield code="2">fast</subfield>
         <subfield code="0">(OCoLC)fst01423772</subfield>
      </datafield>
      <datafield tag="655" ind1=" " ind2="7">
         <subfield code="a">History.</subfield>
         <subfield code="2">fast</subfield>
         <subfield code="0">(OCoLC)fst01411628</subfield>
      </datafield>
      <datafield tag="700" ind1="1" ind2=" ">
         <subfield code="a">Casanova, Michèle,</subfield>
         <subfield code="e">editor.</subfield>
      </datafield>
      <datafield tag="700" ind1="1" ind2=" ">
         <subfield code="a">Feldman, Marian H.,</subfield>
         <subfield code="e">editor.</subfield>
      </datafield>
      <datafield tag="710" ind1="2" ind2=" ">
         <subfield code="a">Musée d'archéologie nationale de Saint-Germain-en-Laye (France)</subfield>
      </datafield>
      <datafield tag="830" ind1=" " ind2="0">
         <subfield code="a">Travaux de la Maison René-Ginouvès ;</subfield>
         <subfield code="v">19.</subfield>
      </datafield>
      <datafield tag="994" ind1=" " ind2=" ">
         <subfield code="a">Z0</subfield>
         <subfield code="b">ZYU</subfield>
      </datafield>
      <datafield tag="OWN" ind1=" " ind2=" ">
         <subfield code="a">GENERAL</subfield>
      </datafield>
      <datafield tag="AVA" ind1=" " ind2=" ">
         <subfield code="a">NYU50</subfield>
         <subfield code="b">NISAW</subfield>
         <subfield code="c">Small Collection</subfield>
         <subfield code="d">HD9999.L853 M6287 2014</subfield>
         <subfield code="e">available</subfield>
         <subfield code="t">Available</subfield>
         <subfield code="f">1</subfield>
         <subfield code="g">0</subfield>
         <subfield code="h">N</subfield>
         <subfield code="i">0</subfield>
         <subfield code="j">SMALL</subfield>
         <subfield code="k">0</subfield>
      </datafield>
      <marc:datafield tag="852" ind1=" " ind2=" ">
         <marc:subfield code="b">Institute for the Study of the Ancient World, </marc:subfield>
         <marc:subfield code="c">Small Collection</marc:subfield>
         <marc:subfield code="e">15 East 84th St., </marc:subfield>
         <marc:subfield code="e">New York, NY  10028</marc:subfield>
      </marc:datafield>
   </record>