
  
  
  
  
  
 
  
  <record xsi:schemaLocation="http://www.loc.gov/MARC21/slim http://www.loc.gov/standards/marcxml/schema/MARC21slim.xsd">
      <leader>00000cam  2200589 a 4500</leader>
      <controlfield tag="FMT">BK</controlfield>
      <controlfield tag="LDR">00000cam  2200589 a 4500</controlfield>
      <controlfield tag="001">004190443</controlfield>
      <controlfield tag="003">OCoLC</controlfield>
      <controlfield tag="005">20150925110839.0</controlfield>
      <controlfield tag="008">150924s2007    au a     b    100 0 ger d</controlfield>
      <datafield tag="016" ind1="7" ind2=" ">
         <subfield code="a">983019185</subfield>
         <subfield code="2">DE-101</subfield>
      </datafield>
      <datafield tag="020" ind1=" " ind2=" ">
         <subfield code="a">9783700134787</subfield>
         <subfield code="q">(hd. bd.)</subfield>
      </datafield>
      <datafield tag="020" ind1=" " ind2=" ">
         <subfield code="a">3700134789</subfield>
         <subfield code="q">(hd. bd.)</subfield>
      </datafield>
      <datafield tag="035" ind1=" " ind2=" ">
         <subfield code="a">(OCoLC)85770660</subfield>
      </datafield>
      <datafield tag="040" ind1=" " ind2=" ">
         <subfield code="a">OHX</subfield>
         <subfield code="b">eng</subfield>
         <subfield code="c">OHX</subfield>
         <subfield code="d">NYP</subfield>
         <subfield code="d">CIN</subfield>
         <subfield code="d">NLGGC</subfield>
         <subfield code="d">LVB</subfield>
         <subfield code="d">AU@</subfield>
         <subfield code="d">NDD</subfield>
         <subfield code="d">HEBIS</subfield>
         <subfield code="d">OCLCF</subfield>
         <subfield code="d">OCLCQ</subfield>
         <subfield code="d">OCL</subfield>
      </datafield>
      <datafield tag="041" ind1="0" ind2=" ">
         <subfield code="a">ger</subfield>
         <subfield code="a">ita</subfield>
         <subfield code="a">eng</subfield>
         <subfield code="a">fre</subfield>
      </datafield>
      <datafield tag="050" ind1=" " ind2="4">
         <subfield code="a">PA3339</subfield>
         <subfield code="b">.I5 2001</subfield>
      </datafield>
      <datafield tag="072" ind1=" " ind2="7">
         <subfield code="a">DT</subfield>
         <subfield code="2">lcco</subfield>
      </datafield>
      <datafield tag="082" ind1="0" ind2="4">
         <subfield code="a">930</subfield>
         <subfield code="2">22</subfield>
      </datafield>
      <datafield tag="084" ind1=" " ind2=" ">
         <subfield code="a">15.28</subfield>
         <subfield code="2">bcl</subfield>
      </datafield>
      <datafield tag="111" ind1="2" ind2=" ">
         <subfield code="a">International Congress of Papyrologists</subfield>
         <subfield code="n">(23rd :</subfield>
         <subfield code="d">2001 :</subfield>
         <subfield code="c">Vienna, Austria)</subfield>
      </datafield>
      <datafield tag="245" ind1="1" ind2="0">
         <subfield code="a">Akten des 23. Internationalen Papyrologenkongresses, Wien, 22.-28. Juli 2001 /</subfield>
         <subfield code="c">herausgegeben von Bernhard Palme.</subfield>
      </datafield>
      <datafield tag="260" ind1=" " ind2=" ">
         <subfield code="a">Wien :</subfield>
         <subfield code="b">Verlag der Österreichischen Akademie der Wissenschaften,</subfield>
         <subfield code="c">2007.</subfield>
      </datafield>
      <datafield tag="300" ind1=" " ind2=" ">
         <subfield code="a">xxix, 747 pages :</subfield>
         <subfield code="b">illustrations ;</subfield>
         <subfield code="c">31 cm.</subfield>
      </datafield>
      <datafield tag="336" ind1=" " ind2=" ">
         <subfield code="a">text</subfield>
         <subfield code="b">txt</subfield>
         <subfield code="2">rdacontent</subfield>
      </datafield>
      <datafield tag="337" ind1=" " ind2=" ">
         <subfield code="a">unmediated</subfield>
         <subfield code="b">n</subfield>
         <subfield code="2">rdamedia</subfield>
      </datafield>
      <datafield tag="338" ind1=" " ind2=" ">
         <subfield code="a">volume</subfield>
         <subfield code="b">nc</subfield>
         <subfield code="2">rdacarrier</subfield>
      </datafield>
      <datafield tag="490" ind1="1" ind2=" ">
         <subfield code="a">Papyrologica Vindobonensia ;</subfield>
         <subfield code="v">Bd. 1</subfield>
      </datafield>
      <datafield tag="546" ind1=" " ind2=" ">
         <subfield code="a">38 English, 32 Italian, 16 German, 12 French contributions.</subfield>
      </datafield>
      <datafield tag="504" ind1=" " ind2=" ">
         <subfield code="a">Includes bibliographical references.</subfield>
      </datafield>
      <datafield tag="505" ind1="0" ind2="0">
         <subfield code="t">Meine sehr geehrten Damen und Herren, liebe Kolleginnen und Kollegen /</subfield>
         <subfield code="r">Ekkehard Weber --</subfield>
         <subfield code="t">Papyrology, Ptolemaic Egypt and Byzantine Palestine /</subfield>
         <subfield code="r">Ludwig Koenen --</subfield>
         <subfield code="t">Papiri della collezione dell’Università Cattolica di Milano (P.Med.) provenienti da cartonnage /</subfield>
         <subfield code="r">Carla Balconi --</subfield>
         <subfield code="t">Supplementum Hellenisticum 969 (PSI inv. 436): in Praise of a Ptolemaic General? /</subfield>
         <subfield code="r">Silvia Barbantani --</subfield>
         <subfield code="t">Recent Work on Coptic Literary (and Semi-literary) Texts (1997–2000) /</subfield>
         <subfield code="r">Heike Behlmer --</subfield>
         <subfield code="t">Sur la flexion nominale en -iw, -in /</subfield>
         <subfield code="r">José Antonio Berenguer Sánchez &amp; Juan Rodríguez Somolinos --</subfield>
         <subfield code="t">Papiri tolemaici da cartonnages dell’Università di Genova /</subfield>
         <subfield code="r">Monica Berti --</subfield>
         <subfield code="t">Procurator ad Mercurium /</subfield>
         <subfield code="r">Franziska Beutler-Kränzl --</subfield>
         <subfield code="t">Some Early Inventories of the Herculaneum Papyri /</subfield>
         <subfield code="r">David Blank &amp; Francesca Longo Auricchio --</subfield>
         <subfield code="t">Zur Textkritik der Schrift des Origenes "Über das Pascha" /</subfield>
         <subfield code="r">Harald Buchinger --</subfield>
         <subfield code="t">I rotoli ercolanesi: da libri a carboni e da carboni a libri /</subfield>
         <subfield code="r">Mario Capasso --</subfield>
         <subfield code="t">La collezione dei papiri dell’Università di Lecce: i materiali da cartonnages /</subfield>
         <subfield code="r">Mario Capasso --</subfield>
         <subfield code="t">I templi di Bakchias nei papiri</subfield>
         <subfield code="r">Mario Capasso --</subfield>
         <subfield code="t">Alcune osservazioni sull’ala I Thracum Mauretana attraverso la rilettura di alcuni elementi del P.Coll. Youtie I 53 /</subfield>
         <subfield code="r">Giacomo Cavillier --</subfield>
         <subfield code="t">Fourth-Century Monasticism in the Papyri /</subfield>
         <subfield code="r">Malcolm Choat --</subfield>
         <subfield code="t">Archimandrites and Andrismos: a Preliminary Survey of Taxation at Bawit /</subfield>
         <subfield code="r">Sarah J. Clackson --</subfield>
         <subfield code="t">Replacement for a Lost Syntaximon Receipt /</subfield>
         <subfield code="r">Nahum Cohen --</subfield>
         <subfield code="t">Ecate, Anubi e i cani negli incantesimi erotici su papiro /</subfield>
         <subfield code="r">Daniela Colomo --</subfield>
         <subfield code="t">Rhetoric on papyrus /</subfield>
         <subfield code="r">Daniela Colomo --</subfield>
         <subfield code="t">The Coptic School Exercises in the Collection of Columbia University /</subfield>
         <subfield code="r">Raffaella Cribiore --</subfield>
      </datafield>
      <datafield tag="505" ind1="8" ind2="0">
         <subfield code="t">$t CD-ROM dei papiri letterari della Biblioteca Medicea Laurenziana di Firenze /</subfield>
         <subfield code="r">Edoardo Crisci --</subfield>
         <subfield code="t">Osservazioni sulle valenze storico-linguistica e letteraria dei papiri epistolary /</subfield>
         <subfield code="r">Paolo Cugusi --</subfield>
         <subfield code="t">Diritto e papiri: nuovi pareri giurisprudenziali da P.Haun. III 45 /</subfield>
         <subfield code="r">Federico M. d’Ippolito &amp; Fara Nasti --</subfield>
         <subfield code="t">Le omonimie toponomastiche/</subfield>
         <subfield code="r">Sergio Daris --</subfield>
         <subfield code="t">Il libro greco e latino del Fayyum: aspetti paleografici e bibliologici /</subfield>
         <subfield code="r">Cosimo Damiano De Luca --</subfield>
         <subfield code="t">Morfologia dei primi libri greci alla luce delle testimonianze indirette /</subfield>
         <subfield code="r">Lucio Del Corso --</subfield>
         <subfield code="t">Una nota bibliologica nella subscriptio del P.Herc. 1005 /</subfield>
         <subfield code="r">Gianluca Del Mastro --</subfield>
         <subfield code="t">Les "lettres de protection" coptes /</subfield>
         <subfield code="r">Alain Delattre --</subfield>
         <subfield code="t">Une révolution dans la papyrologie d’Herculanum: l’apport de l’imagerie multispectrale à l’édition des Commentaires sur la musique (livre IV) de Philodème / /</subfield>
         <subfield code="r">Daniel Delattre --</subfield>
         <subfield code="t">I segni nel P.Herc. 1669 (Filodemo, Retorica, libro incerto) /</subfield>
         <subfield code="r">Tiziana Di Matteo --</subfield>
         <subfield code="t">'Une foule immense de moines'. The Coptic Life of Aaron and the Early Bishops of Philae /</subfield>
         <subfield code="r">Jitse H. F. Dijkstra --</subfield>
         <subfield code="t">De la Porte du Soleil à la Porte de la Lune à Hermoupolis Magna /</subfield>
         <subfield code="r">Marie Drew-Bear --</subfield>
         <subfield code="t">Ramessidische hieratische Dokumente im Wiener Kunsthistorischen Museum /</subfield>
         <subfield code="r">Mohammed Salah El-Kholi --</subfield>
         <subfield code="t">Patterns of the Greek Settlement in Egypt during the Ptolemaic Period: "Old Settlers" in the Herakleopolite Nome /</subfield>
         <subfield code="r">Maria Rosaria Falivene --</subfield>
         <subfield code="t">Il confronto tra retorica e filosofia nel trattato Sulla Retorica di Filodemo /</subfield>
         <subfield code="r">Matilde Ferrario --</subfield>
         <subfield code="t">The Corpus and Context: Agrarian Fiscal Administration and State Formation in Early Islamic Egypt 717–1035 A.D./99–427 A.H. /</subfield>
         <subfield code="r">Gladys Frantz-Murphy --</subfield>
         <subfield code="t">Il romanzo di Esopo nei papiri /</subfield>
         <subfield code="r">Rosa Giannattasio Andria --</subfield>
         <subfield code="t">Philodemus ridens /</subfield>
         <subfield code="r">Marcello Gigante --</subfield>
      </datafield>
      <datafield tag="505" ind1="8" ind2="0">
         <subfield code="t">Le P.Vindob. G 40064 et les attestations papyrologiques du ton musical dans les hymnes chréiennes byzantines /</subfield>
         <subfield code="r">Céline Grassien-Yang --</subfield>
         <subfield code="t">Gemeinsame Erschließung der Hallenser, Jenaer und Leipziger Papyrussammlungen /</subfield>
         <subfield code="r">Jürgen Hammerstaedt &amp; Reinhold Scholl --</subfield>
         <subfield code="t">Two Unpublished Arabic Documents /</subfield>
         <subfield code="r">Alia Hanafi --</subfield>
         <subfield code="t">Sworn Declarations of Removal from Herakleides Division, Arsinoite Nome /</subfield>
         <subfield code="r">Ann Ellis Hanson --</subfield>
         <subfield code="t">Das Archiv des Isidoros aus Psophthis aus rechtshistorischer Sicht /</subfield>
         <subfield code="r">Joachim Hengstl --</subfield>
         <subfield code="t">Die ägyptischen literarischen Texte. Ein Forschungsüberblick /</subfield>
         <subfield code="r">Friedhelm Hoffmann --</subfield>
         <subfield code="t">Les Archives d’Hèoninos dans la collection Théodore Reinach de la Sorbonne /</subfield>
         <subfield code="r">Geneviève Husson --</subfield>
         <subfield code="t">A Catalogue of Mythographic Papyri (CMP): Presentation of the Electronic Database /</subfield>
         <subfield code="r">Marc Huys &amp; Thomas Schmidt --</subfield>
         <subfield code="t">References to Pericles in Philodemus’ Papyri /</subfield>
         <subfield code="r">Giovanni Indelli --</subfield>
         <subfield code="t">P.Berol. 11520↓: Magical Text? /</subfield>
         <subfield code="r">Grace Ioannidou --</subfield>
         <subfield code="t">P.Louvre: ein Vorbericht /</subfield>
         <subfield code="r">Andrea Jördens --</subfield>
         <subfield code="t">Demotische "Aruren-Ostraka" aus Theben / Ursula Kaplony-Heckel --</subfield>
         <subfield code="t">Lucretius' Book II in P.Herc. 395 /</subfield>
         <subfield code="r">Knut Kleve --</subfield>
         <subfield code="t">Probleme bibliographischer Erfassung christlich literarischer Papyri. Anmerkungen zu Maurits Geerards Clavis Patrum Graecorum (CPG) /</subfield>
         <subfield code="r">Michael Kohlbacher --</subfield>
         <subfield code="t">Entstehungsprozess einer kritischen Edition frühchristlicher Apokryphen: Das Beispiel "Petrusevangelium" /</subfield>
         <subfield code="r">Thomas J. Kraus in Zusammenarbeit mit Tobias Nicklas --</subfield>
         <subfield code="t">The Meaning of the Demotic Designations rmt Pr-iy-lq, rmt Yb and rmt Swn /</subfield>
         <subfield code="r">Csaba A. La’da --</subfield>
         <subfield code="t">Aspetti di tecnica libraria: copie letterarie nel verso di rotoli documentary /</subfield>
         <subfield code="r">Mariachiara Lama --</subfield>
         <subfield code="t">P.Oxy. XV 1788: Alceo o Saffo? /</subfield>
         <subfield code="r">Giuseppe Lentini --</subfield>
         <subfield code="t">Nuove letture nel P.Herc. 1431: Epicuro, Della natura, libro XXXIV /</subfield>
         <subfield code="r">Giuliana Leone --</subfield>
      </datafield>
      <datafield tag="505" ind1="8" ind2="0">
         <subfield code="t">Habent sua fata fragmenta: "Donum Borgianum" /</subfield>
         <subfield code="r">Nikos Litinas --</subfield>
         <subfield code="t">P.Vindob. G 26221: Scholia Minora or Paraphrase? /</subfield>
         <subfield code="r">John Lundon --</subfield>
         <subfield code="t">Aspects of Church Finance in the Seventh-Century Hermopolite According to P.Lond. Copt. I 1077 /</subfield>
         <subfield code="r">Leslie S. B. Maccoull --</subfield>
         <subfield code="t">Toward the Electronic Publication of the Herculaneum Papyri /</subfield>
         <subfield code="r">Roger T. Macfarlane &amp; Steven W. Booras --</subfield>
         <subfield code="t">Le fichier Mertens–Pack3 des papyrus littéraires grecs et latins /</subfield>
         <subfield code="r">Marie-Hélène Marganne --</subfield>
         <subfield code="t">"Women, camels, donkeys, or other animals". Réédition de P.Lond. II 363 /</subfield>
         <subfield code="r">Alain Martin --</subfield>
         <subfield code="t">Gli affitti fondiari dell’Ossirinchite nell’età tardoantica /</subfield>
         <subfield code="r">Roberta Mazza --</subfield>
         <subfield code="t">Papyrus ptolémaïques provenant de cartonnages de la méris de Polémon. Nouvel état de la question /</subfield>
         <subfield code="r">Henri Melaerts --</subfield>
         <subfield code="t">The Historical and Cultural Significance of the Arabic Papyri Kept in the Egyptian National Library /</subfield>
         <subfield code="r">Mohammed Saied Moghawery --</subfield>
         <subfield code="t">La représentation du temps chez Epicure: lectures du P.Herc. 1413 /</subfield>
         <subfield code="r">Annick Monet --</subfield>
         <subfield code="$">tNuovi contributi esegetici al P.Oxy. XXVI 2451 B fr. 14 col. I /</subfield>
         <subfield code="r">Monica Negri --</subfield>
         <subfield code="t">Ancient Homeric Scholarship and the Medieval Tradition: Evidence from the Diacritics in the Papyri /</subfield>
         <subfield code="r">Alberto Nodar --</subfield>
         <subfield code="t">Die koptischen Texte aus der Sammlung Papyri Wessely Pragenses. Stand Juli 2001 /</subfield>
         <subfield code="r">Wolf B. Oerter --</subfield>
         <subfield code="t">Edizioni dell’Odissea di Omero su codice: il caso P.Ant. III 169 /</subfield>
         <subfield code="r">Pasquale Orsini --</subfield>
         <subfield code="t">Höflichkeit und Servilität in den griechischen Papyrusbriefen der ausgehenden Antike /</subfield>
         <subfield code="r">Amphilochios Papathomas --</subfield>
         <subfield code="t">P.Bon. ISA 3 R e V: conto di distribuzione di birra e altri beni con onomastica ebraica /</subfield>
         <subfield code="r">Anna Passoni Dell’acqua --</subfield>
         <subfield code="t">Ricerche sui papiri di Senofonte /</subfield>
         <subfield code="r">Natascia Pellé --</subfield>
         <subfield code="t">Antologie gnomologiche su papiro: materiali per una nuova analisi del problema /</subfield>
         <subfield code="r">Carlo Pernigotti --</subfield>
      </datafield>
      <datafield tag="505" ind1="8" ind2="0">
         <subfield code="t">Elementi magico-rituali nel De providentia di Sinesio di Cirene. Dalla liturgia di PGM IV 475–824 all’immagine di Helioros /</subfield>
         <subfield code="r">Aglae M.V. Pizzone --</subfield>
         <subfield code="t">Vers une caractérisation des anthologies sur papyrus /</subfield>
         <subfield code="r">Francisca Pordomingo --</subfield>
         <subfield code="t">New Testament Studies and Papyrology: What Can We Learn from Each Other? /</subfield>
         <subfield code="r">Stanley E. Porter --</subfield>
         <subfield code="t">The Use of Hermeneia and Johannine Papyrus Manuscripts /</subfield>
         <subfield code="r">Stanley E. Porter --</subfield>
         <subfield code="t">The Use of Ekphonetic Notation in Vienna New Testament Manuscripts /</subfield>
         <subfield code="r">Wendy J. Porter --</subfield>
         <subfield code="t">Misthoprasia: the Lease-sale of Ships /</subfield>
         <subfield code="r">Dominic Rathbone --</subfield>
         <subfield code="t">The Aesthetics of Hexameter Verses: A New Fragment on Metre in the Michigan Collection /</subfield>
         <subfield code="r">Timothy Renner --</subfield>
         <subfield code="t">L’ethos della danza nel [Peri mousikēs] di Filodemo di Gadara /</subfield>
         <subfield code="r">Gioia Maria Rispoli --</subfield>
         <subfield code="t">Zu Entwicklung, Stand und Aufgaben der juristischen Papyrologie /</subfield>
         <subfield code="r">Hans-Albert Rupprecht --</subfield>
         <subfield code="t">Two Notes on Simonides' Plataea-Poem /</subfield>
         <subfield code="r">Ian Rutherford --</subfield>
         <subfield code="t">Nuove letture nelle ultime colonne del iii libro Sugli dèi di Filodemo (P.Herc. 157/152) /</subfield>
         <subfield code="r">Mariacarolina Santoro --</subfield>
         <subfield code="t">Ein Brief der Bischofskirche von Hermupolis Magna an die Dorfvorsteher von Alabastrine P.Heid. Inv. Kopt. 198 /</subfield>
         <subfield code="r">Georg Schmelz --</subfield>
         <subfield code="t">A Wine Merchant and an Absentee Landlord in a Small Archive from the Geneva Collection /</subfield>
         <subfield code="r">Paul Schubert --</subfield>
         <subfield code="t">Creating a Muslim State. The Collection and Meaning of ṣadaqa /</subfield>
         <subfield code="r">Petra M. Sijpesteijn --</subfield>
         <subfield code="t">Theos Hypsistos in the Papyri /</subfield>
         <subfield code="r">Timothy M. Teeter --</subfield>
         <subfield code="t">Filodemo, Economico (P.Herc. 1424), coll. XIV 24–46 – XV 1–14 /</subfield>
         <subfield code="r">Adele Tepedino Guerra --</subfield>
         <subfield code="t">Egyptian Loan Words in Septuaginta and the Papyri /</subfield>
         <subfield code="r">Sofía Torallas Tovar --</subfield>
         <subfield code="t">Riesame di P.Schubart 9 (= P.Berol. 11777 + 11801): alcune osservazioni di lettura e proposte interpretative /</subfield>
         <subfield code="r">Giuseppe Ucciardello --</subfield>
         <subfield code="t">The Millennium of Papyrology (2001–)? /</subfield>
         <subfield code="r">Peter van Minnen --</subfield>
      </datafield>
      <datafield tag="505" ind1="8" ind2="0">
         <subfield code="t">Le vocabulaire de la révolte dans l’Egypte ptolémaïque: tarachè, apostasis, amixia /</subfield>
         <subfield code="r">Anne-Emmanuelle Veïsse --</subfield>
         <subfield code="t">The Language of Hermias, an Egyptian Notary from Pathyris (c. 100 B.C.) /</subfield>
         <subfield code="r">Marja Vierros --</subfield>
         <subfield code="t">The Vienna Collection of Pahlavi Papyri /</subfield>
         <subfield code="r">Dieter Weber --</subfield>
         <subfield code="t">: Private Letter about Criminals in the Desert: P.Prag. Wessely Gr. inv. II 294 verso /</subfield>
         <subfield code="r">John E.G. Whitehorne --</subfield>
         <subfield code="t">Noch einmal zur subscriptio von Philodems sogenanntem De signis: P.Herc.1065 /</subfield>
         <subfield code="r">Roland Wittewer.</subfield>
      </datafield>
      <datafield tag="650" ind1=" " ind2="0">
         <subfield code="a">Manuscripts (Papyri)</subfield>
         <subfield code="v">Congresses.</subfield>
      </datafield>
      <datafield tag="651" ind1=" " ind2="0">
         <subfield code="a">Egypt</subfield>
         <subfield code="x">Antiquities</subfield>
         <subfield code="v">Congresses.</subfield>
      </datafield>
      <datafield tag="650" ind1=" " ind2="7">
         <subfield code="a">Manuscripts (Papyri)</subfield>
         <subfield code="2">fast</subfield>
         <subfield code="0">(OCoLC)fst01008260</subfield>
      </datafield>
      <datafield tag="655" ind1=" " ind2="7">
         <subfield code="a">Conference papers and proceedings.</subfield>
         <subfield code="2">fast</subfield>
         <subfield code="0">(OCoLC)fst01423772</subfield>
      </datafield>
      <datafield tag="700" ind1="1" ind2=" ">
         <subfield code="a">Palme, Bernhard.</subfield>
      </datafield>
      <datafield tag="830" ind1=" " ind2="0">
         <subfield code="a">Papyrologica Vindobonensia ;</subfield>
         <subfield code="v">Bd. 1.</subfield>
      </datafield>
      <datafield tag="994" ind1=" " ind2=" ">
         <subfield code="a">Z0</subfield>
         <subfield code="b">ZYU</subfield>
      </datafield>
      <datafield tag="OWN" ind1=" " ind2=" ">
         <subfield code="a">GENERAL</subfield>
      </datafield>
      <datafield tag="AVA" ind1=" " ind2=" ">
         <subfield code="a">NYU50</subfield>
         <subfield code="b">NISAW</subfield>
         <subfield code="c">Large Collection</subfield>
         <subfield code="d">PA3339 .I5 2001</subfield>
         <subfield code="e">available</subfield>
         <subfield code="t">Available</subfield>
         <subfield code="f">1</subfield>
         <subfield code="g">0</subfield>
         <subfield code="h">N</subfield>
         <subfield code="i">0</subfield>
         <subfield code="j">LARGE</subfield>
         <subfield code="k">0</subfield>
      </datafield>
      <marc:datafield tag="852" ind1=" " ind2=" ">
         <marc:subfield code="b">Institute for the Study of the Ancient World, </marc:subfield>
         <marc:subfield code="c">Large Collection</marc:subfield>
         <marc:subfield code="e">15 East 84th St., </marc:subfield>
         <marc:subfield code="e">New York, NY  10028</marc:subfield>
      </marc:datafield>
   </record>