
  
  
  
  
  
  
 
  
  <record xsi:schemaLocation="http://www.loc.gov/MARC21/slim http://www.loc.gov/standards/marcxml/schema/MARC21slim.xsd">
      <leader>00000cam  2200649 a 4500</leader>
      <controlfield tag="FMT">BK</controlfield>
      <controlfield tag="LDR">00000cam  2200649 a 4500</controlfield>
      <controlfield tag="001">002671786</controlfield>
      <controlfield tag="003">OCoLC</controlfield>
      <controlfield tag="005">20150925153406.0</controlfield>
      <controlfield tag="008">150925s1982    au a     b    100 0 ger d</controlfield>
      <datafield tag="035" ind1=" " ind2=" ">
         <subfield code="a">(OCoLC)10260190</subfield>
         <subfield code="z">(OCoLC)10646313</subfield>
         <subfield code="z">(OCoLC)16109351</subfield>
      </datafield>
      <datafield tag="040" ind1=" " ind2=" ">
         <subfield code="a">HUC</subfield>
         <subfield code="b">eng</subfield>
         <subfield code="c">HUC</subfield>
         <subfield code="d">OCL</subfield>
         <subfield code="d">RBN</subfield>
         <subfield code="d">NRC</subfield>
         <subfield code="d">OCL</subfield>
         <subfield code="d">PAU</subfield>
         <subfield code="d">NDD</subfield>
         <subfield code="d">MR4</subfield>
         <subfield code="d">OCLCQ</subfield>
         <subfield code="d">OCLCF</subfield>
         <subfield code="d">P4I</subfield>
         <subfield code="d">GZM</subfield>
         <subfield code="d">OCLCO</subfield>
         <subfield code="d">OCL</subfield>
         <subfield code="d">OCLCO</subfield>
         <subfield code="d">NNU</subfield>
      </datafield>
      <datafield tag="041" ind1="0" ind2=" ">
         <subfield code="a">eng</subfield>
         <subfield code="a">fre</subfield>
         <subfield code="a">ger</subfield>
      </datafield>
      <datafield tag="043" ind1=" " ind2=" ">
         <subfield code="a">aw-----</subfield>
         <subfield code="a">a-iq---</subfield>
      </datafield>
      <datafield tag="050" ind1=" " ind2="4">
         <subfield code="a">DS56</subfield>
         <subfield code="b">.R46 1981</subfield>
      </datafield>
      <datafield tag="050" ind1=" " ind2="4">
         <subfield code="a">PJ5</subfield>
         <subfield code="b">.A734 no.19-20</subfield>
      </datafield>
      <datafield tag="090" ind1=" " ind2=" ">
         <subfield code="i">06/25/84 CT</subfield>
      </datafield>
      <datafield tag="111" ind1="2" ind2=" ">
         <subfield code="a">Rencontre assyriologique internationale</subfield>
         <subfield code="n">(28th :</subfield>
         <subfield code="d">1981 :</subfield>
         <subfield code="c">Vienna, Austria)</subfield>
      </datafield>
      <datafield tag="245" ind1="1" ind2="0">
         <subfield code="a">Vorträge gehalten auf der 28. Rencontre Assyriologique Internationale in Wien, 6.-10. Juli 1981.</subfield>
      </datafield>
      <datafield tag="246" ind1="3" ind2="0">
         <subfield code="a">28. Rencontre Assyriologique Internationale in Wien, 6.-10. Juli 1981</subfield>
      </datafield>
      <datafield tag="260" ind1=" " ind2=" ">
         <subfield code="a">Horn, Austria :</subfield>
         <subfield code="b">Verlag Ferdinand Berger &amp; Söhne,</subfield>
         <subfield code="c">1982.</subfield>
      </datafield>
      <datafield tag="300" ind1=" " ind2=" ">
         <subfield code="a">410 pages :</subfield>
         <subfield code="b">illustrations ;</subfield>
         <subfield code="c">30 cm.</subfield>
      </datafield>
      <datafield tag="336" ind1=" " ind2=" ">
         <subfield code="a">text</subfield>
         <subfield code="b">txt</subfield>
         <subfield code="2">rdacontent</subfield>
      </datafield>
      <datafield tag="337" ind1=" " ind2=" ">
         <subfield code="a">unmediated</subfield>
         <subfield code="b">n</subfield>
         <subfield code="2">rdamedia</subfield>
      </datafield>
      <datafield tag="338" ind1=" " ind2=" ">
         <subfield code="a">volume</subfield>
         <subfield code="b">nc</subfield>
         <subfield code="2">rdacarrier</subfield>
      </datafield>
      <datafield tag="490" ind1="1" ind2=" ">
         <subfield code="a">Archiv für Orientforschung ;</subfield>
         <subfield code="v">Beiheft 19</subfield>
      </datafield>
      <datafield tag="500" ind1=" " ind2=" ">
         <subfield code="a">English, French and German.</subfield>
      </datafield>
      <datafield tag="504" ind1=" " ind2=" ">
         <subfield code="a">Includes bibliographical references.</subfield>
      </datafield>
      <datafield tag="505" ind1="0" ind2=" ">
         <subfield code="t">Der Begriff des "Lebens" bei den Akkadern, vom sprachlichen Gesichtspunkt aus betrachtet /</subfield>
         <subfield code="r">K. Aartun --</subfield>
         <subfield code="t">Das Mythologem des Lebens und das Leben des Mythologems in der Literatur Mesopotamiens /</subfield>
         <subfield code="r">Veronika Afanasieva --</subfield>
         <subfield code="t">Wovon lebte man in Ebla? /</subfield>
         <subfield code="r">Alfonso Archi --</subfield>
         <subfield code="t">Leben in der Urzeit Mesopotamiens /</subfield>
         <subfield code="r">J. Bauer --</subfield>
         <subfield code="t">Zu einem Rollsiegel aus dem Dänischen Nationalmuseum /</subfield>
         <subfield code="r">M.-L. Buhl --</subfield>
         <subfield code="t">Quelques aspects de la vie quotidienne au palais d'Alalakh d'après les listes de rations du niveau VII (XVIIIe/XVIIe s.) /</subfield>
         <subfield code="r">Guy Bunnens --</subfield>
         <subfield code="t">Nädin, a scribe of the Eanna Temple /</subfield>
         <subfield code="r">M.A. Dandamayev --</subfield>
         <subfield code="t">Father Adam /</subfield>
         <subfield code="r">I.M. Diakonoff --</subfield>
         <subfield code="t">La vision cosmique d'un Mannéen /</subfield>
         <subfield code="r">Pouran Diba --</subfield>
         <subfield code="t">The impact of tribute and booty on countries and people within the Assyrian empire /</subfield>
         <subfield code="r">Moshe Elat --</subfield>
         <subfield code="t">New light on the reign of Is̆bi-Erra /</subfield>
         <subfield code="r">Douglas R. Frayne --</subfield>
         <subfield code="t">Erwägungen zur Entwicklung des Denkens im alten Mesopotamien /</subfield>
         <subfield code="r">H. Freydank --</subfield>
         <subfield code="t">Index of publications on Sumero-Akkadian Mathematics and related topics /</subfield>
         <subfield code="r">Jöran Friberg --</subfield>
      </datafield>
      <datafield tag="505" ind1="8" ind2=" ">
         <subfield code="t">A recipe against S̆U. GIDIM /</subfield>
         <subfield code="r">M.J. Geller --</subfield>
         <subfield code="t">Westiranisch s̆yāti "Prosperität", "Gedeihen", "Reichtum" in keilschriftlichen und anderen Quellen /</subfield>
         <subfield code="r">E.A. Grantovsky --</subfield>
         <subfield code="t">The royal inscriptions of Mesopotamia : first report /</subfield>
         <subfield code="r">A. Kirk Grayson --</subfield>
         <subfield code="t">Care for the elderly and its rewards /</subfield>
         <subfield code="r">Jonas C. Greenfield, Adi balṭu --</subfield>
         <subfield code="t">Nouvelles interprétations dans la toponymie d'Urartu /</subfield>
         <subfield code="r">Nicolas Harouthiounian --</subfield>
         <subfield code="t">Zum Steuersystem in Ugarit (pilku-ubdy und Ähnliches) /</subfield>
         <subfield code="r">M. Heltzer --</subfield>
         <subfield code="t">Tempelwirtschaft im mykenischen Griechenland /</subfield>
         <subfield code="r">Stefan Hiller --</subfield>
         <subfield code="t">Das Leben in der urartäischen Stadt Erebuni /</subfield>
         <subfield code="r">S. Hodjasch --</subfield>
         <subfield code="t">The Milawata Letter augmented and reinterpreted /</subfield>
         <subfield code="r">Harry A. Hoffner, Jr. --</subfield>
         <subfield code="t">Neuere Tontafelfunde im Irak /</subfield>
         <subfield code="r">B. Ismail --</subfield>
         <subfield code="t">New archaeological finds in Soviet Azerbaijan /</subfield>
         <subfield code="r">S. Kashkay, G. Aslanov --</subfield>
         <subfield code="t">Ist das Neusumerische eine lebende Sprache? /</subfield>
         <subfield code="r">Burkhart Kienast --</subfield>
         <subfield code="t">'Personal God' and individual prayer in Sumerian religion /</subfield>
         <subfield code="r">Jacob Klein --</subfield>
         <subfield code="t">Menschliches Leben im Lichte einiger keilschriftrechtlicher Dokumente /</subfield>
         <subfield code="r">Josef Klíma --</subfield>
      </datafield>
      <datafield tag="505" ind1="8" ind2=" ">
         <subfield code="t">Über den nichtparitätischen Charakter des S̆unas̆s̆ura-Vertrages (KBo I,5) /</subfield>
         <subfield code="r">V. Koros̆ec --</subfield>
         <subfield code="t">Leben und Tod assyrischer Städte nach den Berichten Xenophons /</subfield>
         <subfield code="r">Jozef de Kuyper --</subfield>
         <subfield code="t">New data from the archives found in the house of Ur-Utu at Tell ed-Dēr /</subfield>
         <subfield code="r">K. van Lerberghe --</subfield>
         <subfield code="t">Les Sumériens et les plantes /</subfield>
         <subfield code="r">H. Limet --</subfield>
         <subfield code="t">Longevity : Biblical concepts and some ancient Near Eastern parallels /</subfield>
         <subfield code="r">A. Malamat --</subfield>
         <subfield code="t">The western palace of the lower city of Ebla : a new administrative building of middle-bronze I-II /</subfield>
         <subfield code="r">P. Matthiae --</subfield>
         <subfield code="t">Agade after the Gutian destruction : the afterlife of a Mesopotamian city /</subfield>
         <subfield code="r">G.J.P. McEwan --</subfield>
         <subfield code="t">The political geography of western Anatolia during the late bronze age : Who lived where? /</subfield>
         <subfield code="r">James Mellaart --</subfield>
         <subfield code="t">Zusammenfassende Ergebnisse der Ausgrabungen in Halawa/Syrien 1979-1980 /</subfield>
         <subfield code="r">Jan-Waalke Meyer --</subfield>
         <subfield code="t">Der Augenarzt in den Gesetzen Hammurapis (ss 215-218, 220) /</subfield>
         <subfield code="r">P. Naster, L. Missotten --</subfield>
         <subfield code="t">Zur Organisation des gesellschaftlichen Lebens im kassitischen und nachkassitischen Babylonien : Verwaltungsstruktur und Gemeinschaften /</subfield>
         <subfield code="r">Joachim Oelsner --</subfield>
      </datafield>
      <datafield tag="505" ind1="8" ind2="0">
         <subfield code="t">Die Geburt Enkidu's und Gilgames̆'s erster Traum /</subfield>
         <subfield code="r">Werner Papke --</subfield>
         <subfield code="t">New readings in the letters of 'zn bn byy /</subfield>
         <subfield code="r">D. Pardee --</subfield>
         <subfield code="t">Fate and divination in Mesopotamia /</subfield>
         <subfield code="r">F. Rochberg-Halton --</subfield>
         <subfield code="t">Assyrian prisoners of war and the right to live /</subfield>
         <subfield code="r">H.W.F. Saggs --</subfield>
         <subfield code="t">Forschungen in Azerbaidjan : Ein Beitrag zur Geschichte Urartus /</subfield>
         <subfield code="r">Mirjo Salvini --</subfield>
         <subfield code="t">Die Sklaven im Uruk der hellenistischen Zeit /</subfield>
         <subfield code="r">G. Ch. Sarkisjan --</subfield>
         <subfield code="t">Lugalscha-Ningizzida, Medizin und Magie /</subfield>
         <subfield code="r">Herbert Sauren --</subfield>
         <subfield code="t">The Shalmanaser III building in the central area of the Nimrud citadel /</subfield>
         <subfield code="r">Richard Sobolewski --</subfield>
         <subfield code="t">Die Wörter für Leben und Tod im Akkadischen und Semitischen /</subfield>
         <subfield code="r">Wolfram von Soden --</subfield>
         <subfield code="t">Der Begriff "Leben" in den Vorstellungen des Alten Orients /</subfield>
         <subfield code="r">Gerd Steiner --</subfield>
         <subfield code="t">Ausgrabungen auf dem Tell Abqa', Hamrin-Gebiet /</subfield>
         <subfield code="r">L. Trümpelmann --</subfield>
         <subfield code="t">Eisen in Sumer /</subfield>
         <subfield code="r">A.A. Vaiman --</subfield>
         <subfield code="t">A comparison of a passage from the S̆amas̆ hymn (lines 65-78) with Psalm 107 /</subfield>
         <subfield code="r">M. Weinfeld --</subfield>
         <subfield code="t">The Sumerian verbal prefix al- /</subfield>
         <subfield code="r">Mamoru Yoshikawa --</subfield>
         <subfield code="t">Die Ausgrabungen der Universität Baghdad in Tell Aswad /</subfield>
         <subfield code="r">Akram al-Zeebari.</subfield>
      </datafield>
      <datafield tag="546" ind1=" " ind2=" ">
         <subfield code="a">Contributions in English, French or German.</subfield>
      </datafield>
      <datafield tag="651" ind1=" " ind2="0">
         <subfield code="a">Middle East</subfield>
         <subfield code="x">Antiquities</subfield>
         <subfield code="v">Congresses.</subfield>
      </datafield>
      <datafield tag="650" ind1=" " ind2="0">
         <subfield code="a">Assyriology</subfield>
         <subfield code="v">Congresses.</subfield>
      </datafield>
      <datafield tag="651" ind1=" " ind2="0">
         <subfield code="a">Middle East</subfield>
         <subfield code="x">Civilization</subfield>
         <subfield code="y">To 622</subfield>
         <subfield code="v">Congresses.</subfield>
      </datafield>
      <datafield tag="650" ind1=" " ind2="0">
         <subfield code="a">Cuneiform inscriptions</subfield>
         <subfield code="v">Congresses.</subfield>
      </datafield>
      <datafield tag="650" ind1=" " ind2="0">
         <subfield code="a">Akkadian language</subfield>
         <subfield code="v">Congresses.</subfield>
      </datafield>
      <datafield tag="650" ind1=" " ind2="0">
         <subfield code="a">Sumerian language</subfield>
         <subfield code="v">Congresses.</subfield>
      </datafield>
      <datafield tag="650" ind1=" " ind2="0">
         <subfield code="a">Excavations (Archaeology)</subfield>
         <subfield code="z">Middle East</subfield>
         <subfield code="v">Congresses.</subfield>
      </datafield>
      <datafield tag="650" ind1=" " ind2="7">
         <subfield code="a">Antiquities.</subfield>
         <subfield code="2">fast</subfield>
         <subfield code="0">(OCoLC)fst00810745</subfield>
      </datafield>
      <datafield tag="650" ind1=" " ind2="7">
         <subfield code="a">Assyriology.</subfield>
         <subfield code="2">fast</subfield>
         <subfield code="0">(OCoLC)fst00819244</subfield>
      </datafield>
      <datafield tag="651" ind1=" " ind2="7">
         <subfield code="a">Middle East.</subfield>
         <subfield code="2">fast</subfield>
         <subfield code="0">(OCoLC)fst01241586</subfield>
      </datafield>
      <datafield tag="655" ind1=" " ind2="7">
         <subfield code="a">Conference papers and proceedings.</subfield>
         <subfield code="2">fast</subfield>
         <subfield code="0">(OCoLC)fst01423772</subfield>
      </datafield>
      <datafield tag="776" ind1="0" ind2="8">
         <subfield code="i">Online version:</subfield>
         <subfield code="a">Rencontre assyriologique internationale (28th : 1981 : Vienna, Austria).</subfield>
         <subfield code="t">Vorträge gehalten auf der 28. Rencontre Assyriologique Internationale in Wien, 6.-10. Juli 1981.</subfield>
         <subfield code="d">Horn, Austria : Verlag Ferdinand Berger &amp; Söhne, 1982</subfield>
         <subfield code="w">(OCoLC)655082730</subfield>
      </datafield>
      <datafield tag="830" ind1=" " ind2="0">
         <subfield code="a">Archiv für Orientforschung.</subfield>
         <subfield code="p">Beiheft ;</subfield>
         <subfield code="v">19.</subfield>
      </datafield>
      <datafield tag="OWN" ind1=" " ind2=" ">
         <subfield code="a">GENERAL</subfield>
      </datafield>
      <datafield tag="950" ind1=" " ind2=" ">
         <subfield code="l">FStack</subfield>
         <subfield code="a">DS67.4</subfield>
         <subfield code="b">.R46 1981</subfield>
         <subfield code="i">06/25/84 C</subfield>
      </datafield>
      <datafield tag="092" ind1=" " ind2=" ">
         <subfield code="a">913.352</subfield>
         <subfield code="b">A673B, no.19-20</subfield>
      </datafield>
      <datafield tag="AVA" ind1=" " ind2=" ">
         <subfield code="a">NYU50</subfield>
         <subfield code="b">NIFA</subfield>
         <subfield code="c">Main Collection</subfield>
         <subfield code="d">DS67.4 .R46 1981 Non-circulating</subfield>
         <subfield code="e">available</subfield>
         <subfield code="t">Available</subfield>
         <subfield code="f">1</subfield>
         <subfield code="g">0</subfield>
         <subfield code="h">N</subfield>
         <subfield code="i">0</subfield>
         <subfield code="j">MAIN</subfield>
         <subfield code="k">0</subfield>
      </datafield>
      <datafield tag="AVA" ind1=" " ind2=" ">
         <subfield code="a">NYU50</subfield>
         <subfield code="b">NISAW</subfield>
         <subfield code="c">Large Collection</subfield>
         <subfield code="d">DS56 .R46 1981</subfield>
         <subfield code="e">available</subfield>
         <subfield code="t">Available</subfield>
         <subfield code="f">1</subfield>
         <subfield code="g">0</subfield>
         <subfield code="h">N</subfield>
         <subfield code="i">0</subfield>
         <subfield code="j">LARGE</subfield>
      </datafield>
      <marc:datafield tag="852" ind1=" " ind2=" ">
         <marc:subfield code="b">Institute for the Study of the Ancient World, </marc:subfield>
         <marc:subfield code="c">Large Collection</marc:subfield>
         <marc:subfield code="e">15 East 84th St., </marc:subfield>
         <marc:subfield code="e">New York, NY  10028</marc:subfield>
      </marc:datafield>
   </record>